3828 5590
309 589 332 659 J.
354 587 428 653 1264.
899 589 995 644 Briese.
1535 596 1572 660 55

310 745 501 826 ordinanda,
531 747 556 811 si
586 746 678 813 nobis
709 748 783 812 utile
816 745 967 813 videatur.
1025 747 1097 814 Dat.
1129 747 1263 815 Viterbii
1294 749 1389 814 nonis
1420 747 1575 830 februarii,

310 831 509 918 pontificatus
533 831 656 897 domini
680 832 797 899 Urbani
822 855 901 920 pape
925 833 992 900 llll.
1017 856 1103 899 anno
1126 834 1150 899 l.
1595 867 1597 870 ·

417 1047 423 1075 ¹
443 1039 479 1094 So
499 1039 549 1092 HS.
623 1048 633 1076 '²
651 1041 765 1092 consciis
784 1039 836 1094 HS.

414 1151 469 1248 Fol.
487 1206 551 1264 37'·
589 1195 644 1248 Der
664 1193 737 1248 Bries
751 1195 886 1248 Innocenr
906 1195 951 1248 lV.
971 1195 1004 1247 ist
1023 1194 1070 1248 das
1089 1194 1233 1248 Schreiben
1253 1213 1306 1249 von
1323 1209 1391 1264 1²54
1405 1195 1520 1250 Februar
1534 1197 1574 1252 18.

927 1405 954 1472 7.

417 1525 661 1614 Ordensgeueml
677 1525 867 1618 (lohannes)
881 1527 1077 1593 beantwortct
1099 1528 1156 1593 das
1173 1527 1334 1594 Schreiben
1358 1532 1436 1595 eines
1459 1529 1574 1617 Idmigs

308 1611 434 1700 (Alsons
457 1637 516 1679 uon
539 1614 725 1704 Kastilienlj
754 1615 818 1680 aad
840 1615 1006 1703 verspricht
1034 1615 1096 1680 ihm
1122 1615 1308 1704 Gebetshilse'
1333 1619 1427 1682 seines
1455 1616 1575 1684 Ordens

307 1697 412 1786 (Paris
438 1703 520 1785 1264
545 1701 642 1790 Jrrrri).

411 1805 510 1890 Regie
527 1802 719 1870 celsitudinis
743 1804 933 1870 clarissimos
957 1807 1061 1891 apices
1078 1804 1117 1872 de
1133 1824 1237 1872 vestra
1253 1805 1452 1894 dignacionis
1475 1808 1573 1894 gratia

306 1889 499 1976 prodeuntes
522 1910 670 1980 prompta
698 1892 874 1958 reverentia
898 1911 929 1957 et
954 1893 1070 1958 mentis
1094 1890 1246 1959 hilaritate
1276 1905 1422 1981 receptos
1446 1917 1573 1982 presen—

304 1977 386 2044 tibus
409 1990 468 2045 etc.
485 1990 519 2045 ut
541 2002 634 2080 supra
651 1978 812 2068 (fratribus
836 1999 867 2045 et
891 1978 998 2046 nndtis
1022 1978 1088 2045 aliis
1111 1982 1143 2044 in
1168 1979 1338 2068 sollempni
1355 1980 1572 2048 celebracione

305 2065 427 2152 capituli
451 2065 513 2166 legi
528 2065 631 2154 fecr),¹
657 2064 697 2132 de
720 2090 858 2154 quorum
874 2067 1033 2132 relacione
1057 2066 1173 2132 diserta
1196 2078 1301 2133 vester
1324 2067 1454 2134 affectus
1474 2069 1573 2154 piissi-

305 2175 375 2218 mus
399 2152 507 2219 claruit
537 2152 718 2235 manifeste,
748 2177 843 2242 quem
871 2153 982 2219 fratres
1013 2150 1133 2219 ordinis
1157 2155 1259 2219 nostri
1289 2165 1364 2221 sunt
1387 2155 1506 2241 experti
1535 2179 1573 2220 ex

305 2238 526 2342 multiplicibus
549 2240 710 2308 affectibus
733 2242 910 2329 graciarum
926 2251 1030 2308 vestra
1052 2241 1176 2328 potenti
1194 2265 1289 2307 manu
1314 2241 1435 2308 collatis
1452 2240 1573 2308 eisdem

305 2327 400 2395 divim
425 2341 585 2418 respectus
609 2331 722 2397 intuitu
747 2341 778 2396 et
794 2329 937 2396 honoris.
976 2329 1077 2417 Super
1101 2326 1213 2418 quibus
1229 2330 1302 2396 Deo
1326 2331 1441 2417 gratias
1465 2353 1481 2396 a
1505 2353 1573 2412 ens,

304 2441 408 2506 aquo
432 2417 516 2484 bona
540 2430 652 2484 cuncta
674 2416 862 2507 procedunt,
885 2441 944 2484 vos
969 2429 1000 2484 et
1024 2470 1032 2484 .
1057 2470 1064 2483 .
1090 2416 1255 2484 dominam
1279 2441 1413 2484 uxorem
1433 2353 1573 2485 inclitam

305 2516 337 2570 et
349 2503 552 2571 clarissimam
569 2505 692 2593 prolem
709 2517 845 2572 vestram
862 2529 991 2572 necnon
1008 2517 1040 2572 et
1056 2517 1172 2572 statum
1188 2505 1355 2593 pacificum
1372 2507 1462 2593 regni
1479 2507 1574 2572 vestri

306 2592 564 2659 recommendavi
581 2592 783 2660 affectuosius
802 2591 947 2659 fratribus
964 2593 996 2658 in
1014 2592 1151 2679 capitulo
1168 2595 1382 2679 congregatis,
1405 2594 1574 2680 injungens

307 2679 432 2830 insuper
463 2679 528 2744 aliis
552 2679 701 2747 omnibus
729 2681 761 2746 in
792 2679 906 2746 diversi
931 2678 1042 2745 mundi
1069 2678 1208 2766 partibus
1233 2681 1428 2761 constitutiS,
1456 2697 1490 2746 ut
1513 2702 1572 2767 pro

306 2765 379 2831 inco
392 2768 520 2832 umitate
536 2785 639 2833 vestra
655 2778 687 2833 et
702 2769 809 2832 uxoris
824 2778 928 2832 vestre
945 2767 1147 2832 serenissime
1163 2789 1199 2831 ac
1215 2765 1457 2853 magnificencie
1474 2764 1571 2852 prolis

306 2861 408 2917 vestre
439 2871 470 2916 et
498 2864 579 2918 statu
607 2853 697 2939 regni
728 2853 824 2919 vestri
853 2855 980 2938 integro
1010 2863 1041 2918 et
1068 2850 1237 2938 tranquillo
1267 2853 1379 2916 missas
1408 2851 1513 2917 dicant
1542 2863 1573 2917 et

304 2937 469 3003 oraciones
493 2938 566 3004 alias
582 2938 733 3024 speciales
756 2938 880 3004 faciant.
918 2936 970 3003 Ad
994 2937 1074 3004 illius
1100 2939 1185 3002 enim
1210 2937 1385 3025 optinenda
1407 2961 1466 3025 pro
1482 2936 1573 3004 vobis

303 3022 461 3091 affluentia
484 3048 615 3092 munera
639 3037 748 3092 nostra
771 3023 872 3092 fidelis
896 3036 927 3092 et
950 3024 1078 3092 humilis
1094 3026 1225 3092 recurrit
1249 3024 1396 3107 devocio,
1420 3035 1454 3092 ut
1477 3023 1572 3091 bene-

303 3111 470 3178 factoribus
494 3115 610 3180 nostris
637 3137 696 3201 pro
720 3113 813 3179 nobis
843 3114 910 3200 ipse
933 3112 1082 3180 retribuat
1110 3125 1142 3181 et
1166 3114 1210 3179 eis
1239 3112 1432 3200 respondeat
1454 3111 1573 3179 habun-

303 3198 429 3282 danter,
460 3201 513 3289 qui
541 3225 575 3267 se
604 3203 635 3267 in
659 3202 723 3267 suis
748 3201 889 3267 minimis
913 3211 1037 3288 reputat
1065 3201 1238 3289 recepisse,
1268 3200 1416 3290 quicquid
1440 3202 1485 3267 eis
1513 3223 1572 3288 pro

302 3285 433 3375 gloriosi
466 3290 606 3355 nominis
639 3291 686 3356 sui
719 3287 781 3356 fide
810 3287 969 3356 indultum
999 3287 1092 3356 fuerit
1124 3300 1156 3356 et
1184 3312 1384 3356 concessum.
1435 3289 1473 3355 Et
1501 3290 1572 3377 quia

302 3375 424 3442 assidua
447 3378 554 3442 oracio
578 3376 715 3444 multum
744 3377 826 3444 valet
850 3389 881 3444 et
910 3388 957 3443 est
980 3376 1176 3464 impossibile
1200 3400 1310 3464 preces
1340 3401 1408 3444 raon
1433 3375 1572 3443 exaudiri

303 3465 485 3544 multorum,
509 3476 594 3531 tanta
611 3476 765 3551 concepta
788 3462 902 3531 fiducia
918 3463 958 3530 de
974 3463 1197 3531 munificencia
1220 3463 1376 3551 largitoris
1393 3465 1494 3531 eterni
1512 3487 1571 3551 pro

302 3549 392 3616 vobis
414 3550 523 3618 fratres
540 3549 624 3618 dona
648 3551 757 3618 celitus
777 3560 922 3638 satagent
944 3547 1216 3652 supplicacionum
1238 3553 1390 3618 instancia
1414 3551 1570 3631 obtinere,

302 3636 412 3789 Ἱιιίδυε
429 3637 577 3705 custoditi
593 3641 733 3706 securius
750 3650 780 3705 et
804 3639 945 3727 promoti
963 3637 1089 3725 dignius
1106 3657 1137 3704 et
1158 3637 1268 3705 clarius
1285 3638 1392 3706 celesti
1414 3639 1572 3725 sapiencia

302 3723 441 3791 ilustrati
462 3726 528 3792 sitis
544 3727 577 3792 in
601 3725 663 3792 fide
679 3725 804 3794 stabiles
829 3745 859 3793 et
876 3726 907 3791 in
933 3749 1031 3814 opere
1048 3725 1192 3793 efficaces
1217 3749 1254 3792 ex
1271 3726 1334 3793 hoc
1357 3737 1431 3813 post
1446 3737 1571 3812 tempo·

301 3811 370 3878 ralis
393 3813 494 3900 glorie
517 3816 690 3880 terminum
714 3812 752 3880 ad
776 3825 962 3902 perpetuam
986 3813 1120 3900 gloriam
1145 3815 1380 3880 transituri...
1401 3812 1572 3901 Empfiehlt

301 3897 383 3965 daun
408 3901 494 3967 noch
518 3901 569 3968 die
593 3901 722 3967 Brtider.

301 4027 319 4032 ...
328 4027 479 4034 --—.....-.-

407 4083 413 4110 ¹
434 4075 463 4126 ln
483 4075 529 4128 Nr.
552 4091 560 4127 1
585 4076 656 4128 stelit
676 4075 721 4128 das
741 4075 995 4146 Eingelrlammerte.

405 4231 460 4285 Pol.
483 4243 533 4297 ι’,
553 4233 599 4286 Nr.
620 4248 642 4286 2.
682 4233 736 4285 Der
759 4241 828 4285 erste
852 4232 944 4284 lrt'rrzer
963 4231 1106 4302 gelraltene
1132 4230 1205 4284 Briel
1227 4231 1260 4284 ist
1285 4229 1413 4284 ebenlalls
1439 4247 1471 4283 an
1497 4230 1570 4299 regie

300 4318 460 4372 celsitudinis
473 4320 637 4390 gratissimas
651 4321 739 4390 apices
753 4320 892 4390 gericlrtet.
923 4319 952 4372 ln
966 4318 1027 4372 dem
1044 4335 1065 4388 3.
1080 4317 1176 4386 Briele,
1196 4317 1264 4372 auch
1277 4335 1311 4371 an
1324 4319 1402 4372 einen
1416 4317 1570 4383 Herrscher,

301 4405 378 4459 laeisst
396 4424 436 4460 es:
458 4424 506 4461 vos
520 4416 545 4460 et
559 4416 663 4461 vestros
683 4407 751 4460 filios
771 4425 801 4460 ac
821 4415 918 4460 statum
940 4407 1076 4460 commissi
1092 4405 1167 4460 vobis
1186 4405 1262 4477 regni
1283 4405 1391 4458 fratrum
1406 4405 1569 4474 presentium

301 4494 465 4548 oracionibus
485 4495 710 4548 recommendant.
732 4527 758 4533 —-
783 4509 807 4559 4.
828 4493 902 4547 Bries
919 4511 952 4547 aa
972 4493 1136 4562 excellentia,
1156 4501 1182 4546 ut
1203 4493 1298 4548 missas
1318 4509 1366 4564 pro
1387 4491 1463 4544 vobis
1482 4490 1569 4544 dicant

301 4588 327 4633 et
346 4598 394 4651 pro
412 4591 499 4636 vestra
518 4583 721 4636 conservatione
741 4582 839 4636 salutis.
881 4598 901 4649 5.
921 4582 964 4634 An
988 4581 1159 4636 serenissimo
1179 4581 1244 4652 regi,
1268 4579 1329 4634 lura
1349 4578 1396 4632 aus
1416 4579 1491 4632 vorh.
1512 4578 1568 4631 hin·

301 4669 445 4737 gesviesen.
482 4671 523 4723 Da
543 4672 568 4723 in
588 4671 650 4723 dem
670 4669 757 4724 llriele
776 4670 823 4723 des
848 4669 1001 4722 rbmischen
1021 4669 1125 4738 Kbnigs
1144 4667 1240 4722 Alsons
1266 4684 1319 4720 von
1339 4665 1468 4720 Kastilien
1489 4666 1569 4719 eben-

302 4755 359 4808 salls
378 4756 424 4810 der
436 4757 578 4811 Gemahlin
597 4757 713 4827 gedacht
726 4757 801 4824 vird,
821 4773 852 4810 so
866 4755 932 4808 wird
951 4755 1173 4808 walnsclreinlicb
1193 4755 1288 4825 obiger
1300 4753 1375 4808 wolal
1388 4753 1430 4806 die
1444 4753 1570 4806 Antwort

301 4843 365 4899 sein.
402 4843 552 4914 Allerdings
572 4845 670 4914 spricht
691 4843 722 4898 Α.
742 4861 794 4897 von
815 4859 960 4910 regnorum
981 4841 1033 4894 arrad
1052 4841 1109 4894 hier
1128 4839 1205 4894 lieilst
1225 4858 1254 4894 es
1273 4841 1357 4910 regni.
