3822 5592
301 609 323 680 J.
347 609 422 664 1288.
889 607 984 663 Briele.
1508 613 1567 678 109

301 787 401 830 onere
416 766 647 852 transmigrare.
686 765 862 830 Licentiam
887 764 1003 850 petitis,
1026 782 1073 830 set
1097 762 1222 831 licentie
1238 763 1324 831 datio
1341 775 1388 831 est
1404 764 1566 832 cuiusdam

300 872 438 938 persone
453 849 611 932 alienatio,
634 849 690 916 sed
707 849 842 916 alienare
866 871 935 915 rem
951 849 1114 936 provincie
1138 849 1216 916 mihi
1238 849 1300 916 soli
1316 873 1383 916 non
1400 851 1566 938 competit,

302 947 333 1004 et
361 937 388 1003 si
417 938 580 1025 competit,
608 937 762 1004 renuncio
791 936 849 1002 iuri
878 959 965 1018 meo,
995 955 1027 1003 ut
1056 934 1096 1003 de
1124 935 1187 1004 hoc
1213 945 1352 1004 statuant
1379 934 1568 1004 diffinitores

301 1023 436 1112 capituli,
459 1025 539 1092 sicut
561 1023 671 1113 placet.
710 1025 884 1091 Licentiam
908 1025 1035 1111 petitis,
1048 1035 1096 1091 set
1118 1023 1181 1092 hoc
1203 1035 1313 1112 posset
1335 1023 1404 1091 fieri
1419 1021 1459 1091 ad
1482 1022 1570 1092 ordi··

301 1134 375 1178 nem
404 1112 563 1180 artiorem.
608 1111 692 1178 lllius
719 1121 825 1178 autem
855 1121 887 1178 et
915 1109 1036 1178 ordinis
1067 1111 1169 1178 nostri
1197 1109 1471 1200 comparationem
1498 1135 1566 1179 non

301 1197 393 1281 facio,
417 1200 475 1266 nisi
498 1201 529 1266 in
554 1209 685 1266 uantum
702 1199 781 1266 mihi
802 1199 1007 1266 occasionem
1024 1208 1127 1266 vestre
1150 1197 1252 1266 littere
1268 1199 1482 1287 prestiterunt.
1520 1197 1566 1266 Ibi

300 1284 420 1354 dixistis
442 1288 527 1376 pasci
571 1311 666 1355 ovem
691 1298 722 1355 et
746 1287 881 1370 asinum,
904 1309 1041 1376 quorum
1065 1286 1311 1354 associationem
1334 1287 1401 1376 ipsa
1424 1285 1474 1354 lex
1494 1287 1567 1354 Mo-

299 1397 392 1464 sayca
419 1375 618 1464 improbavit,
645 1373 728 1464 apud
756 1398 817 1442 nos
840 1385 946 1442 autern
970 1373 1076 1441 solum
1103 1371 1203 1441 boves
1232 1385 1317 1457 sunt,
1345 1373 1566 1442 astrictiloris

300 1460 491 1546 obedientie,
507 1462 600 1552 plene
616 1464 806 1546 maturitate,
822 1463 1019 1530 ruminantes
1035 1463 1191 1543 oratione,
1215 1462 1396 1530 scindentes
1413 1461 1565 1550 ungulam

299 1548 501 1634 discretione,
528 1574 632 1618 aream
662 1549 856 1618 dominicam
887 1551 1079 1632 triturantes,
1101 1549 1218 1618 vitulos
1246 1549 1405 1618 sacrificiis
1433 1561 1566 1640 aptosa

299 1637 467 1706 bestiarum
484 1639 609 1706 incursu
627 1636 764 1706 duorum
781 1649 1049 1706 testamentorum
1065 1637 1214 1705 cornibus
1227 1635 1445 1706 defendentes.
1470 1640 1499 1705 A
1523 1638 1565 1706 ud

299 1748 358 1792 vos
381 1749 513 1814 presepe
537 1725 643 1794 haberi
667 1725 779 1808 dicitis,
804 1749 882 1813 ergo
905 1736 1012 1814 pastus
1035 1735 1149 1807 certus,
1172 1749 1233 1792 nos
1256 1749 1334 1793 vero
1358 1750 1432 1793 cum
1455 1661 1566 1794 voliti-

298 1811 377 1880 libus
393 1813 451 1881 celi
467 1837 534 1880 non
551 1837 786 1902 congregamus
802 1815 835 1880 in
852 1814 966 1880 horrea
989 1824 1020 1881 et
1036 1832 1144 1881 tamen
1161 1812 1258 1880 edent
1273 1836 1427 1902 pauperes
1452 1833 1483 1882 et
1501 1813 1565 1881 lau·

298 1899 372 1969 dant
396 1901 575 1983 dominum,
598 1925 694 1990 quem
718 1902 890 1990 requirunt.
932 1899 987 1982 Ibi,
1012 1912 1047 1968 ut
1070 1899 1182 1983 dicitis,
1205 1923 1358 1989 pauperes
1382 1925 1449 1969 non
1473 1903 1564 1969 et'nit·

297 1999 415 2070 tuntur,
444 1987 526 2076 apud
550 2012 610 2056 nos
639 2010 792 2076 pauperes
816 1987 1092 2076 evangelizantur,
1121 1987 1163 2054 ibi
1186 1987 1361 2055 secundum
1386 2011 1445 2056 vos
1471 2011 1565 2056 sexus

297 2071 453 2141 femineus
476 2097 543 2140 non
567 2076 721 2162 reperitur
744 2075 776 2140 in
799 2085 900 2161 porta,
929 2075 979 2140 cui
998 2075 1155 2176 positioni
1178 2097 1245 2141 non
1270 2074 1464 2162 respondeo,
1492 2075 1564 2162 quia

297 2171 401 2227 utrum
429 2172 521 2247 porte
549 2159 599 2226 vel
628 2160 762 2228 triclinia
792 2159 861 2247 plus
889 2157 1043 2248 valuerint
1073 2159 1113 2226 ad
1141 2157 1349 2242 demetitum,
1378 2159 1566 2228 decernatur

296 2245 412 2312 iudicio
437 2259 651 2334 expertorum.
697 2248 734 2312 In
761 2246 815 2313 illo
839 2245 953 2313 ordine
975 2247 1049 2334 juge
1076 2257 1217 2312 servatur
1240 2245 1411 2328 silentium,
1440 2249 1473 2313 in
1501 2247 1564 2314 isto

296 2333 410 2420 linguis
432 2332 593 2422 loquimur
608 2333 789 2415 hominurn,
813 2334 888 2421 quin
905 2334 1005 2400 eciam
1022 2357 1059 2398 an
1086 2331 1219 2400 elotum.
1259 2333 1434 2400 Licentiam
1458 2333 1564 2422 petitis

297 2430 329 2488 et
351 2419 482 2503 adicitis,
511 2419 599 2511 quod
629 2421 692 2488 iam
715 2419 888 2522 recipiendi
916 2430 1045 2487 nostros
1063 2355 1230 2486 dicentium
1260 2417 1372 2487 habeat
1395 2417 1476 2487 ordo
1500 2419 1561 2487 ille.

297 2508 392 2575 Forte
407 2527 538 2576 vacante
559 2507 635 2575 sede
658 2508 832 2595 apostolica
855 2508 964 2596 aliquis
989 2507 1028 2574 de
1052 2505 1211 2574 abbatibus
1235 2506 1299 2573 hoc
1321 2506 1460 2574 indulsit.
1499 2505 1563 2574 Sed
1596 2554 1612 2572 .

298 2618 358 2662 uos
373 2597 501 2677 scimus,
517 2605 670 2683 quantum
686 2594 835 2682 prohibiti
850 2595 924 2675 sint,
941 2618 981 2660 ne
998 2593 1108 2661 falcem
1125 2617 1214 2661 suam
1227 2594 1354 2662 mittant
1369 2595 1402 2681 in
1418 2605 1561 2682 segetem

297 2680 441 2749 alienant.
480 2683 550 2750 Nec
573 2706 633 2750 nos
657 2705 800 2749 caremus
816 2681 992 2770 privilegio,
1016 2679 1103 2834 ‹puod
1126 2692 1282 2768 apostatas
1306 2699 1436 2748 nostros
1452 2704 1564 2784 possu-

298 2793 368 2836 mus
384 2771 673 2852 excommunicare,
696 2793 817 2857 capere,
841 2769 937 2856 ligare
953 2793 989 2834 ac
1010 2769 1083 2835 aias
1099 2767 1233 2836 subdere
1250 2768 1371 2836 ordinis
1388 2768 1562 2856 discipline,

297 2857 328 2922 in
352 2879 542 2944 quocunque
567 2857 672 2923 habitu
696 2857 906 2923 inveniantur.
947 2855 1169 2923 Consolamini
1193 2856 1287 2942 igitur
1311 2856 1341 2922 in
1367 2856 1426 2922 hiis
1449 2855 1562 2922 verbis.

297 3001 612 3009 ’,ψ-...οω-

401 3065 457 3121 Fol.
477 3078 545 3139 94v.
582 3066 638 3121 Der
656 3066 776 3120 Hinweis
795 3065 844 3120 aus
859 3065 901 3120 die
918 3065 1025 3120 Vakanz
1045 3063 1092 3118 des
1111 3064 1146 3120 hl.
1166 3065 1272 3120 Stuhles
1292 3066 1401 3137 zwingt,
1421 3065 1471 3120 den
1492 3063 1567 3121 Brlel

296 3154 363 3208 nach
387 3155 452 3224 1287
470 3154 545 3226 April
567 3171 578 3224 3
600 3173 631 3208 zu
651 3163 750 3222 setzen,
770 3172 803 3207 an
822 3152 955 3208 welclrern
970 3154 1046 3224 Tage
1066 3152 1112 3206 der
1132 3161 1201 3208 erste
1214 3153 1295 3224 Papst
1314 3161 1390 3208 unter
1405 3155 1560 3240 ¹Hemranns

295 3241 477 3309 Pr0vinzialat,
497 3241 631 3296 Honorius
651 3242 706 3310 IV,
725 3243 804 3296 starb.

900 3416 951 3484 88.

398 3538 524 3626 Bischof
533 3536 712 3629 (Maagold)
726 3561 784 3604 uon
802 3539 846 3603 W
844 3539 959 3624 drzbrrr
990 3539 1126 3628 schliesst
1142 3541 1226 3604 einen
1242 3539 1396 3625 Vergleich
1412 3541 1561 3626 zwisalten

293 3625 360 3691 dem
375 3625 635 3714 Provingialprr‘or
651 3627 704 3691 der
719 3624 942 3692 Domirzr'karrer·
993 3647 1120 3692 arantum
1144 3626 1209 3692 und
1223 3626 1289 3691 dem
1302 3625 1362 3692 Aba
1379 3627 1429 3692 des
1447 3627 1560 3694 Cirta·-

292 3711 528 3778 cienserklostcrs
544 3713 665 3778 Ebracb
686 3731 791 3800 turgeu
814 3713 864 3777 der
886 3713 1078 3778 Uebertrittrs
1100 3714 1152 3778 des
1171 3713 1306 3778 Brrrdcrs
1329 3713 1480 3795 Iohannes
1502 3737 1561 3780 von

292 3798 446 3886 Zofingen.
494 3797 620 3889 (1288.)

398 3921 560 3988 Omnibus
583 3944 713 4008 presens
743 3923 894 4008 scriptum
918 3922 1031 3988 visuris
1063 3975 1070 3988 .
1097 3974 1103 3988 .
1135 3921 1208 3988 Dei
1225 3922 1324 4009 gratia
1347 3920 1561 4009 Erbipolensis

292 4009 459 4096 episcopus
482 4008 615 4076 salutern
640 4009 671 4075 in
696 4009 842 4075 omnium
866 4008 1001 4074 salutari.
1039 4010 1164 4076 Notum
1189 4033 1258 4076 esse
1282 4010 1438 4096 cupimus,
1462 4009 1560 4098 quod,

290 4118 362 4161 curn
387 4096 469 4162 inter
491 4095 659 4183 religiosos
675 4097 761 4164 viros
785 4095 912 4164 fratrem
929 4097 1151 4163 Herrnannum
1175 4097 1316 4184 priorem
1332 4095 1567 4184 provincialem

291 4181 410 4248 ordinis
432 4182 670 4249 Predicatorum
695 4207 751 4271 per
774 4183 970 4251 Thetuniam
995 4194 1026 4251 et
1049 4182 1193 4251 abbatem
1218 4183 1257 4250 de
1274 4183 1425 4265 Eberac0,
1448 4193 1558 4250 nostre

291 4267 452 4357 dyocesis,
477 4271 697 4337 Cisterciensis
721 4268 858 4352 ordinis,
882 4269 1010 4336 suborta
1034 4283 1117 4337 esset
1141 4273 1271 4338 materia
1296 4271 1472 4359 questionis
1500 4294 1559 4358 pro

291 4378 343 4437 e0,
366 4355 453 4444 quod
470 4355 598 4423 fratrem
615 4357 793 4423 Iohannem
812 4355 852 4424 de
868 4358 1034 4443 Zouingen
1059 4356 1218 4444 predictus
1237 4356 1330 4424 abbas
1354 4358 1387 4423 in
1410 4381 1470 4424 suo
1489 4381 1560 4424 mo-

291 4443 428 4510 nasterio
451 4445 633 4532 recepisset,
656 4443 785 4511 tandem
810 4445 894 4531 pacis
911 4443 1080 4511 consilium
1103 4445 1251 4512 ineuntes
1274 4446 1307 4511 in
1323 4443 1472 4527 formam,
1495 4468 1556 4532 que

291 4527 498 4620 subsequitur,
515 4543 745 4599 convenerunt.
786 4531 949 4599 Predictus
965 4555 1103 4622 namque
1119 4531 1279 4600 Iohannes
1295 4554 1427 4620 surgens
1443 4555 1458 4598 s
1482 4543 1559 4598 onte

292 4641 399 4685 coram
430 4617 522 4686 nobis
549 4619 656 4687 multis
680 4617 852 4686 astantibus
876 4618 1040 4687 confessus
1064 4631 1121 4702 est,
1150 4619 1238 4710 quod
1259 4621 1292 4686 in
1317 4619 1430 4687 ordine
1452 4554 1559 4686 dreni-

291 4717 434 4774 catorum
458 4709 547 4774 annis
571 4707 713 4795 plurimis
729 4727 935 4776 conversatus
958 4710 1063 4796 ipsum
1087 4709 1209 4777 invenit
1228 4719 1260 4776 et
1283 4705 1428 4796 probavit
1450 4707 1557 4788 talem,

291 4793 378 4884 quod
407 4795 511 4883 ipsum
535 4794 691 4884 dingnurn
715 4798 805 4863 omni
828 4795 927 4864 laudis
950 4796 1043 4864 titulo
1070 4795 1231 4880 iudicaret,
1255 4798 1329 4864 Deo
1354 4819 1473 4878 carum,
1501 4795 1559 4862 sibi

290 4881 469 4971 proficium,
497 4885 650 4972 proximis
674 4895 881 4972 oportunum.
920 4883 983 4952 Sed
1007 4907 1080 4952 cum
1103 4883 1243 4972 pluribus
1267 4885 1410 4972 negociis
1435 4881 1559 4951 deditus
