3822 5592
346 602 407 670 104
628 583 631 588 ’
929 595 1024 650 Briefe.
1488 595 1511 664 J.
1534 609 1608 662 ¹277·

341 754 391 808 mit
409 753 456 808 der
473 753 622 823 Datierung
634 752 844 822 (1307-1310),
863 749 932 804 bloss
951 765 998 804 aus
1017 749 1080 802 dem
1094 747 1211 814 Grunde,
1230 747 1293 802 weil
1312 747 1452 802 Heinrichs
1466 747 1609 802 Gemahlin

341 826 421 892 Anna
438 838 515 892 hiess.
547 837 610 892 Nun
628 838 662 891 ist
680 833 743 890 dem
763 835 910 890 Charakter
928 835 975 888 der
988 835 1041 890 HS.
1060 835 1129 888 nach
1147 834 1233 888 sehon
1252 833 1325 888 diese
1345 835 1495 905 Datierung
1513 849 1608 904 ausge-

342 913 489 978 schlossen.
518 925 574 978 Der
586 911 662 978 Brief
675 923 774 993 gehort
792 923 819 974 in
837 923 898 975 eine
916 921 1027 992 Gruppe
1047 936 1100 974 von
1114 919 1259 974 Schreiben
1278 936 1325 974 aus
1343 919 1406 974 dem
1418 919 1609 974 Ptovinzialate

341 1010 448 1064 umens
461 1009 625 1080 (ιαμ-ῃ)
638 995 692 1062 una
703 1007 844 1062 saresber
862 1008 896 1061 nt
915 1004 1113 1060 unzwermhan
1132 1005 1233 1059 nudor
1248 1022 1302 1060 von
1314 1006 1463 1077 Habsburg,
1482 1007 1529 1060 der
1543 1021 1607 1076 1275

342 1095 464 1150 Oktober
475 1097 503 1150 in
515 1095 655 1150 Lausanne
670 1094 716 1148 das
729 1094 817 1148 Kreuz
829 1094 912 1148 nahm
924 1093 978 1146 und
990 1091 1087 1146 dessen
1099 1091 1243 1146 Gemahlin
1256 1092 1441 1163 ursprtinglich
1453 1093 1532 1146 Anna
1544 1093 1610 1161 (von

342 1182 521 1253 Hohenburg)
540 1179 760 1252 spaterGertrud
779 1179 854 1234 hiess.
886 1179 1030 1249 Bezuglich
1048 1177 1095 1232 des
1114 1177 1276 1232 Adressaten
1295 1179 1381 1232 haben
1401 1181 1451 1233 wir
1469 1179 1512 1232 die
1530 1179 1611 1234 Wahl

343 1267 477 1338 zwischen
490 1253 552 1321 dem
565 1266 811 1337 Provinziallrapitel
830 1267 857 1320 in
871 1265 1008 1318 Konstanz
1023 1263 1125 1334 (1276),
1144 1282 1177 1318 an
1196 1263 1242 1318 das
1261 1265 1304 1318 ein
1323 1266 1349 1318 in
1368 1265 1415 1318 der
1431 1266 1483 1320 HS.
1502 1266 1551 1319 aui
1564 1265 1611 1318 der

343 1354 415 1407 Seite
427 1354 525 1408 vorher
537 1353 681 1408 stehendes
693 1351 879 1406 sonnelhaftes
892 1351 1037 1406 Schreiben
1050 1352 1165 1404 erinnert
1178 1351 1415 1418 (excellentissimo
1428 1361 1455 1406 et
1467 1351 1611 1424 magnifico

259 1502 261 1508 ,
343 1439 430 1494 nobili¹
443 1450 470 1494 et
491 1441 607 1494 discreto
630 1440 690 1494 talis
714 1439 882 1510 provincialis
902 1447 928 1492 et
953 1437 1108 1491 diffinitores
1132 1438 1238 1508 capituli
1261 1439 1429 1509 provincialis
1449 1439 1611 1494 Constancie

343 1514 482 1596 celebrati)
507 1527 560 1580 und
585 1527 647 1580 dem
666 1524 880 1598 Generallrapitel
905 1526 931 1578 in
954 1525 1014 1580 Pisa
1033 1523 1142 1594 (1276),
1165 1524 1212 1578 das
1236 1541 1289 1578 von
1308 1525 1410 1579 Rudolf
1431 1528 1480 1581 mit
1502 1526 1610 1580 reichen
1673 1543 1677 1551 ·

343 1613 521 1667 Geschenken
547 1613 661 1668 bedacht
684 1612 785 1666 wurde.
829 1611 891 1682 Vgl.
914 1611 1010 1666 Annal.
1035 1610 1168 1664 Basil’in
1190 1611 1253 1665 ΜΕ.
1277 1611 1322 1665 SS.
1346 1613 1435 1678 XVII,
1460 1628 1525 1668 200:
1553 1614 1610 1667 Res

343 1697 517 1768 Ruodolphus
537 1697 570 1752 ad
589 1697 732 1770 capitulum
751 1697 967 1752 Preedicatorum
986 1697 1055 1768 Pyse
1075 1696 1237 1750 celebratum
1256 1698 1327 1751 misit
1345 1699 1453 1769 triginta
1472 1716 1582 1754 marcas.

955 1833 1000 1904 81.

378 1890 392 1905 ς
450 1941 629 2027 Provinzial
656 1937 796 2032 (Ulrieb)
829 1941 914 2008 bittet
945 1941 1001 2006 den
1034 1938 1281 2028 Ordenrgencral
1308 1939 1487 2033 (Iohannes)
1522 1956 1611 2009 anter

344 2029 552 2119 Anerbietung
567 2029 618 2126 ad
639 2029 798 2126 legendum
821 2051 873 2096 um
897 2028 1094 2116 Entbindung
1115 2051 1183 2096 vora
1207 2028 1307 2096 Amic.
1354 2026 1482 2119 (1277.)

449 2133 653 2201 Provincialis
677 2134 829 2220 magistro
858 2131 988 2199 ordinis.
1034 2133 1126 2200 Pater
1154 2145 1220 2200 tam
1243 2132 1383 2200 amabilis
1413 2135 1491 2200 mihi
1537 2158 1609 2201 uam

345 2220 540 2302 venerabilis,
558 2243 723 2308 usquequo
734 2217 876 2286 clamabo
888 2220 953 2287 vim
967 2221 1103 2307 paciens,
1119 2219 1287 2302 vociferor,
1300 2243 1359 2287 nec
1369 2220 1491 2302 auditis,
1515 2157 1610 2309 lagas

346 2329 433 2374 meas
446 2306 574 2393 detego,
591 2329 650 2374 nec
660 2305 772 2376 videtis
783 2305 940 2388 dolorem,
958 2328 1127 2392 exaggero,
1144 2329 1204 2373 nec
1220 2309 1356 2374 sentitis!
1373 2307 1439 2384 Iam
1516 2331 1611 2396 super

345 2417 398 2460 me
414 2406 575 2461 mutantur
590 2405 746 2481 tempora,
770 2416 809 2459 ex
824 2415 889 2481 quo
904 2391 1016 2479 grandi
1032 2415 1157 2480 pressus
1172 2392 1273 2480 lapide
1290 2392 1387 2460 officii
1399 2394 1611 2462 incumbentis

345 2503 413 2548 non
429 2480 519 2548 datur
534 2482 697 2568 respiratio
713 2479 774 2561 vel,
797 2491 831 2546 ut
846 2479 976 2548 salivam
992 2501 1097 2546 meam
1110 2478 1297 2567 degluciam‚
1314 2481 1502 2568 indulgetur.
1527 2481 1611 2549 Cura

346 2567 385 2634 de
407 2569 510 2650 rimit,
540 2569 660 2640 curatio
684 2589 751 2634 non
775 2565 931 2649 defendit,
962 2589 1044 2632 onus
1067 2567 1198 2654 mergit,
1222 2566 1327 2633 honor
1350 2566 1473 2654 desipit,
1497 2591 1612 2656 corpus

345 2591 461 2738 delcit,
474 2677 530 2722 cor
541 2654 681 2722 tabescit.
697 2655 828 2736 Nescio,
841 2651 916 2744 quid
931 2652 1053 2735 faciam,
1070 2675 1134 2742 quo
1147 2677 1199 2720 me
1212 2673 1342 2722 vertam.
1363 2655 1492 2722 Interim
1503 2667 1610 2723 tamen

237 2809 238 2813 ,
345 2741 498 2810 fastiditus
521 2761 664 2810 revertor
691 2740 730 2810 ad
752 2740 954 2828 benignitatis
977 2754 1081 2809 vestre
1102 2743 1243 2822 ostium,
1273 2743 1446 2830 queritans,
1474 2748 1611 2830 pulsans,

346 2840 474 2918 petens,
527 2831 651 2896 uatinus
683 2830 797 2896 intuitu
819 2830 1008 2894 meritorum
1032 2827 1166 2909 Christi,
1198 2851 1271 2894 cum
1294 2831 1429 2915 propriis
1452 2828 1612 2910 destituar,

331 2921 335 2930 '
368 2914 458 3003 uibus
473 2853 590 2982 valeret
612 2913 744 2980 forsitan
758 2925 862 2980 vestra
880 2915 1049 3000 paternitas
1065 2911 1261 2993 submoneri,
1284 2936 1454 3000 pauperem
1471 2918 1611 2981 vestium

345 3024 361 3068 a
385 2999 476 3082 solvi,
492 2998 604 3088 quibus
616 3011 742 3066 coartor
757 3000 882 3079 institis,
898 3001 1083 3086 procuretis.
1108 3001 1155 3066 Ac
1167 3022 1208 3065 ne
1220 3000 1359 3087 quietem
1370 3012 1493 3086 captare
1504 2999 1611 3067 videar

345 3109 402 3174 per
425 3086 509 3153 hunc
532 3086 678 3168 modum,
702 3108 786 3166 ecce,
810 3109 863 3152 me
882 3085 985 3152 offero
1009 3084 1048 3151 ad
1072 3086 1166 3151 maris
1189 3087 1366 3167 transitum,
1390 3086 1523 3154 exhibeo
1547 3110 1611 3167 me,

346 3171 496 3262 quamdiu
512 3192 637 3260 potero,
652 3171 700 3254 ad
716 3170 899 3258 legendum,
923 3171 1075 3258 impendo
1097 3195 1149 3238 me
1169 3174 1290 3240 cunctis
1306 3174 1416 3240 vestris
1438 3173 1557 3261 placitis
1573 3174 1612 3241 ad

346 3257 532 3348 parendum,
556 3258 734 3327 dummodo
751 3258 790 3328 de
806 3258 986 3326 liberalitate
1005 3277 1108 3326 vestra
1131 3272 1195 3328 tam
1213 3261 1376 3348 egregium
1399 3285 1514 3328 munus
1530 3285 1612 3329 asse-

347 3371 440 3436 quar,
471 3346 559 3436 quod
586 3359 747 3436 tamquam
776 3369 950 3434 appensum
980 3347 1119 3414 ecclesiis
1151 3349 1271 3415 cunctis
1299 3347 1463 3436 stipendiis
1490 3351 1613 3436 gracius

345 3447 449 3516 tenax,
473 3433 578 3523 quoad
601 3435 721 3516 vixero,
745 3435 900 3501 memoria
924 3457 990 3500 non
1014 3436 1147 3502 amittet.
1193 3436 1231 3502 Et
1255 3448 1368 3504 cetera.

451 3585 508 3661 Fol.
525 3622 581 3675 135.
610 3607 702 3660 Ulrich
716 3605 806 3662 wurde
825 3607 873 3660 aul
888 3607 950 3660 dem
964 3607 1178 3680 Generalkapitel
1197 3609 1223 3660 in
1238 3609 1376 3664 Bordeaux
1391 3625 1457 3680 1277
1471 3609 1614 3664 absolviert

347 3695 395 3748 mit
413 3693 460 3746 der
473 3693 653 3764 Bemerkung:
674 3703 700 3747 et
718 3694 885 3764 assignamus
901 3711 962 3747 eum
976 3694 1090 3747 Parisius
1103 3694 1136 3748 ad
1149 3693 1292 3764 legendum
1306 3697 1451 3749 sententias
1470 3697 1521 3748 isto
1535 3713 1613 3750 anno.

347 3780 408 3851 Vgl.
424 3780 506 3836 Thes.
526 3779 596 3834 Nov.
617 3780 661 3846 1v,
684 3796 758 3852 179¹·
796 3780 936 3834 Nachdem
955 3797 983 3833 er
1002 3781 1028 3833 in
1048 3781 1119 3834 Paris
1139 3781 1338 3851 angelommen
1357 3799 1424 3848 war,
1449 3783 1499 3836 soll
1519 3799 1547 3836 er
1566 3799 1615 3836 vor

250 3919 252 3923 .
347 3867 451 3938 Beginn
463 3866 510 3920 der
518 3867 675 3938 .Vorlesung
687 3868 832 3937 gestorben
845 3869 910 3922 sein.
938 3867 1081 3921 Vielleicht
1100 3868 1183 3937 ltingt
1196 3867 1278 3921 damit
1290 3868 1337 3920 der
1350 3868 1424 3922 Briel
1434 3867 1481 3922 des
1494 3867 1613 3922 Ordens·

347 3953 470 4025 generals
500 3969 666 4021 zusammen,
698 3953 744 4007 der
772 3953 829 4007 sich
858 3971 906 4008 vor
934 3954 986 4007 den
1011 3952 1194 4007 Wahlbriefen
1223 3953 1329 4007 Ulrichs
1360 3953 1405 4008 fol.
1439 3953 1493 4007 16v
1524 3954 1613 4021 findet,

347 4041 434 4094 worin
452 4057 482 4094 es
505 4038 598 4094 heisst:
625 4039 777 4094 Cottidiane
795 4040 978 4095 sollicitudinis
1002 4041 1125 4094 instantia
1145 4083 1151 4096 .
1171 4083 1177 4094 .
1197 4083 1203 4094 .
1222 4057 1277 4094 non
1303 4058 1394 4111 parum
1420 4042 1613 4096 incrementum

347 4127 463 4198 accepit,
487 4144 549 4180 cum
567 4126 600 4180 de
625 4128 736 4180 transitu
755 4129 798 4198 pie
821 4129 952 4182 memorie
972 4128 1051 4181 vestri
1076 4127 1209 4198 quondam
1228 4127 1396 4198 provincialis
1416 4129 1448 4180 ad
1466 4145 1517 4182 nos
1543 4128 1613 4182 sama

347 4212 484 4268 deferente
503 4214 631 4284 pervenit.
668 4213 748 4268 Dann
771 4214 880 4268 werden
906 4214 947 4267 die
971 4232 1016 4267 zur
1036 4213 1115 4268 Wahl
1139 4213 1186 4266 des
1205 4213 1436 4284 Provinrialpriors
1460 4231 1614 4268 zusammen

347 4300 546 4369 gelrommenen
565 4300 674 4354 Prioren
694 4319 724 4354 zu
745 4302 904 4371 einmiuiger
922 4300 1003 4354 Waltl
1021 4299 1210 4370 atalgefordert.

453 4543 521 4609 Der
539 4521 718 4630 Prooinzial
739 4543 865 4610 kassiert
887 4544 935 4609 die
955 4438 1051 4610 {1}th
1073 4543 1123 4609 des
1141 4542 1276 4609 General
1296 4544 1429 4630 redigers
1444 4542 1614 4621 Eberhard,

296 4649 299 4656 ’
348 4629 445 4695 damit
467 4653 500 4696 er
522 4630 576 4696 der
598 4630 824 4718 Kreuzprcdigt
847 4630 984 4697 crhalten
1007 4629 1106 4696 bleibt.
1154 4555 1294 4720 (12773>

454 4732 603 4801 Cassatur
642 4734 756 4801 electio
790 4734 908 4816 fratris,
948 4747 982 4801 ut
1038 4732 1166 4800 redicet.
1227 4732 1431 4801 Provincialis
1464 4786 1471 4798 .
1498 4785 1538 4800 ..
1572 4733 1616 4800 Ut

349 4821 527 4895 carissimus
557 4821 588 4886 in
618 4820 747 4889 Christo
777 4820 869 4890 irater
897 4757 1071 4928 Eberardus
1098 4822 1182 4888 iuxta
1210 4842 1392 4886 mensuram
1422 4819 1530 4888 talenti
1558 4819 1615 4886 sibi
