3828 5590
933 582 1007 638 Bries
1021 625 1027 636 .
1495 583 1517 652 J.
1540 598 1614 652 1270.
1650 617 1652 620 -

954 737 1008 806 40.

453 862 512 926 Eia
542 860 722 945 Provinqial
749 860 878 924 schreibt
907 881 948 926 aar
981 864 1065 925 einen
1096 861 1201 946 Propst
1233 861 1306 926 tiber
1336 860 1393 925 den
1424 860 1505 925 Plan
1535 863 1616 925 einer

349 947 635 1033 Klostcrgraindung
658 947 690 1011 in
714 947 841 1011 Passuri.
889 943 966 1034 (Um
993 945 1112 1035 127oi)

455 1065 590 1133 Cuidam
614 1069 777 1154 preposito
806 1090 864 1154 pro
888 1067 989 1134 domo
1018 1066 1198 1154 accipienda
1221 1068 1420 1155 provincialis
1446 1121 1452 1134 .
1479 1120 1485 1133 .
1512 1120 1519 1133 .
1547 1069 1615 1134 Hec

349 1166 380 1219 et
404 1153 584 1238 hujusmodi
610 1176 676 1218 nou
708 1155 776 1220 sine
799 1155 925 1240 spiritus
955 1155 1053 1220 sancti
1078 1177 1210 1220 munere
1240 1166 1402 1242 tamquam
1426 1155 1487 1221 Dei
1516 1153 1545 1221 di
1571 1157 1616 1221 ito

348 1251 469 1305 exarata
486 1238 606 1306 dudum
630 1241 662 1304 in
679 1241 775 1306 vestri
791 1241 928 1326 pectoris
945 1239 1132 1306 abscondito
1149 1241 1303 1321 tenuistis,
1327 1264 1389 1328 que
1405 1177 1613 1328 postmodum

349 1324 510 1410 cujusdam
526 1327 641 1392 virtute
657 1325 794 1412 repletus
811 1327 937 1412 cepistis
954 1325 1039 1415 loqui
1057 1349 1129 1392 cum
1146 1325 1258 1392 fiducia
1275 1327 1357 1394 inter
1374 1327 1498 1394 medios
1515 1326 1616 1394 cleros

349 1423 380 1478 et
395 1413 560 1478 veritatem
578 1435 595 1478 a
615 1411 717 1478 multo
741 1411 839 1499 plebis
856 1413 992 1478 concilio
1017 1413 1149 1479 minime
1166 1411 1383 1496 abscondistis,
1408 1414 1563 1502 quatinus.
1583 1466 1589 1480 .
1609 1468 1614 1479 .

348 1497 585 1565 Predicatorum
610 1497 767 1580 ordinem,
792 1501 845 1588 qui
868 1519 992 1586 paratus
1009 1512 1055 1567 est
1072 1501 1103 1565 in
1126 1499 1272 1586 gentibus
1289 1499 1362 1568 dare
1378 1502 1441 1567 vite
1458 1499 1616 1581 ordinem,

348 1583 544 1673 disciplinam
568 1584 720 1667 moribus,
744 1597 778 1652 ut
801 1600 1061 1654 converterentur
1085 1586 1181 1654 corda
1204 1586 1342 1654 liliorum
1366 1589 1398 1654 in
1422 1599 1568 1676 parentes
1586 1600 1617 1654 et

348 1672 386 1741 ad
402 1675 555 1761 justorum
573 1671 778 1761 prudenciam
794 1672 1021 1761 imprudentes,
1038 1677 1069 1740 in
1087 1676 1211 1742 civitate
1228 1675 1405 1742 Patauiensi
1421 1677 1617 1764 susciperent

349 1774 380 1828 et
402 1761 563 1843 foverent,
593 1760 665 1828 licet
695 1760 795 1828 adhuc
819 1761 945 1850 quidam
974 1761 1045 1829 finis
1069 1762 1156 1829 obliti
1185 1782 1216 1829 et
1246 1765 1377 1830 terrenis
1400 1762 1494 1830 illecti
1525 1787 1617 1830 more

348 1847 640 1937 obsurd(esc)entis
657 1847 771 1935 aspidis
787 1848 825 1916 ad
841 1848 919 1915 filias
936 1851 1083 1916 carminis
1100 1851 1315 1919 obturaverint
1330 1874 1420 1918 aures
1437 1875 1517 1918 suas.
1547 1852 1616 1918 Vos

349 1938 443 2022 igitur
459 1935 555 2023 digne
572 1955 741 2023 pensantes
758 1949 789 2003 et
804 1936 947 2025 provide,
973 1937 1060 2025 quod
1075 1940 1172 2004 totius
1188 1938 1307 2004 arboris
1323 1961 1421 2040 propa
1447 1960 1467 2003 o
1491 1961 1616 2004 ramosa

349 2022 461 2090 radicis
484 2023 609 2110 proficit
632 2022 671 2090 ad
695 2023 870 2104 honorem,
901 2038 990 2091 tanto
1015 2026 1115 2112 magis
1140 2024 1298 2091 salutifero
1322 1961 1491 2092 intenditis
1515 2027 1614 2113 operi,

349 2123 468 2198 quanto
491 2110 573 2176 salus
597 2121 644 2176 est
667 2133 726 2197 pro
749 2111 825 2192 rior,
849 2129 879 2176 et
904 2135 943 2176 eo
968 2111 1100 2198 :ttrrplius
1123 2114 1162 2178 sit
1186 2123 1317 2178 conatus
1340 2113 1526 2192 instancior‚
1551 2135 1616 2200 quo

348 2197 450 2282 palma
473 2197 608 2263 vicinior
632 2207 679 2262 est
702 2133 810 2276 lalori,
835 2198 916 2262 inter
938 2198 1074 2283 gloriam
1098 2199 1297 2264 consciencie
1321 2199 1501 2285 precipuam
1526 2219 1615 2264 com-

348 2283 478 2368 putetis,
507 2284 532 2348 si
556 2305 614 2348 vos
645 2293 733 2368 pater
756 2281 876 2349 ordinis
900 2285 1068 2350 memorati
1100 2295 1131 2350 et
1159 2285 1236 2350 tanti
1265 2283 1341 2349 boni
1370 2283 1469 2371 capud
1497 2281 1616 2350 fueritis

348 2381 380 2436 et
403 2370 506 2456 origo.
553 2369 584 2434 Si
609 2369 702 2456 igitur
725 2369 916 2458 quandoque
940 2372 1138 2458 propositum
1164 2394 1230 2436 non
1255 2372 1348 2438 cessit
1370 2371 1409 2437 ad
1432 2383 1560 2452 votum,
1589 2373 1614 2436 si

348 2457 499 2524 hactenus
522 2458 617 2544 gratis
634 2459 821 2546 quesivistis,
845 2457 957 2526 frustra
973 2459 1127 2546 pulsastis,
1150 2459 1284 2525 inaniter
1300 2460 1462 2546 petivistis,
1487 2481 1615 2546 prorsus

348 2547 611 2634 expergiscimini,
635 2544 722 2611 labor
746 2598 753 2612 .
779 2599 785 2611 .
812 2599 818 2612 .
844 2547 951 2612 onmia
974 2548 1071 2614 vincit
1096 2599 1102 2612 .
1128 2600 1134 2612 .
1161 2600 1168 2612 .

454 2755 509 2809 1³01.
530 2771 570 2824 72.
600 2756 635 2808 Es
655 2755 722 2825 solgt
742 2756 813 2808 noch
833 2757 875 2808 ein
889 2756 963 2809 Briet'
978 2775 1011 2809 au
1031 2757 1108 2810 einen
1123 2755 1226 2809 Freuncl
1246 2757 1309 2809 tiber
1328 2756 1449 2809 dasselbe
1463 2756 1528 2822 Ziel;
1548 2757 1615 2809 auch

348 2843 434 2895 dieser
453 2842 519 2896 wird
538 2851 691 2908 ernututert,
715 2843 890 2896 ausaulmrreu
911 2845 935 2896 iu
955 2845 1047 2896 seiueu
1069 2844 1276 2913 llestrebuugen.
1314 2844 1431 2908 Estimo,
1458 2843 1528 2914 quod
1548 2845 1615 2895 iuter

348 2928 471 2997 precipua
484 2928 561 2995 hujus
575 2929 627 2980 vite
641 2929 830 2996 computaretis
843 2927 945 2993 solatia,
964 2931 994 2992 si,
1015 2936 1154 2997 aruequam
1170 2928 1238 2979 felici
1251 2929 1323 2980 obitu
1338 2929 1418 2980 vestri
1431 2929 1615 2979 tenebrescant

348 3013 426 3078 oculi,
446 3013 569 3065 videretis
589 3011 710 3064 floridum
731 3013 928 3065 Predicatorum
948 3013 1069 3065 ordinem
1090 3055 1095 3066 .
1116 3055 1121 3065 .
1142 3055 1147 3065 .
1171 3015 1197 3065 in
1216 3015 1321 3066 civitate
1340 3014 1464 3083 predicta.
1484 3056 1489 3066 .
1510 3055 1516 3066 .
1548 3011 1614 3066 Osi

348 3099 514 3152 attenderent
527 3099 681 3170 insipientes
695 3099 783 3164 corde,
804 3140 809 3151 .
824 3140 829 3151 .
846 3139 851 3151 .
873 3115 951 3168 quam
966 3100 1086 3151 innoxius
1107 3107 1146 3151 est
1161 3099 1339 3168 predictorum
1359 3098 1467 3152 fratrum
1480 3099 1612 3164 transitus,

349 3203 481 3257 quamque
499 3187 634 3256 ingressus
653 3185 785 3257 pacificus,
804 3186 901 3238 scirent
921 3186 1050 3256 profecto,
1070 3186 1141 3257 quod
1159 3187 1277 3258 ipsorum
1291 3188 1427 3240 convictus
1446 3186 1546 3240 tedium
1560 3203 1613 3239 nou

349 3273 469 3327 haberet!
514 3273 595 3326 Trotz
619 3272 706 3326 dieser
729 3273 923 3343 Bemhhungen
947 3275 980 3326 ist
1004 3275 1029 3326 iu
1052 3273 1150 3326 Passau
1175 3274 1234 3328 heiu
1252 3273 1544 3328 Doruiuiltauerltloster
1567 3291 1614 3345 gc·

349 3362 461 3431 grtmdet
475 3361 594 3416 worden.
623 3361 688 3414 Eine
702 3361 850 3431 Datierung
868 3361 915 3414 der
928 3361 1220 3432 Grunduugsversuche
1239 3362 1271 3415 ist
1286 3362 1398 3415 schwer.
1427 3363 1482 3414 Der
1494 3361 1616 3431 Stellung

349 3449 396 3502 der
414 3448 500 3502 Briefe
520 3451 545 3501 in
565 3447 611 3501 der
630 3448 681 3502 HS.
701 3449 769 3501 uach
795 3447 891 3501 mdiste
910 3466 972 3500 man
999 3449 1063 3501 eher
1082 3447 1129 3502 aus
1150 3449 1192 3501 die
1211 3449 1265 3502 Zeit
1285 3449 1352 3501 nach
1375 3463 1442 3517 ¹270
1466 3448 1615 3502 schliesseu.

350 3535 425 3588 Nach
445 3537 516 3588 einer
536 3535 610 3588 Bulle
630 3536 762 3588 Innocena
781 3535 826 3588 lV.
846 3554 879 3588 au
899 3536 973 3588 theta
993 3533 1086 3604 (Otto)
1106 3553 1158 3588 von
1178 3536 1290 3601 Passau,
1315 3535 1361 3588 der
1380 3542 1469 3606 spater
1493 3536 1531 3588 als
1551 3535 1615 3588 For-

349 3622 424 3674 derer
443 3621 490 3674 des
503 3621 608 3674 Ordeus
629 3621 768 3686 erscheiut,
788 3621 852 3691 (vgl.
867 3622 912 3675 Nc.
936 3624 987 3689 14),
1007 3622 1111 3675 welche
1131 3621 1252 3691 zugleich
1271 3622 1338 3674 auch
1356 3621 1430 3675 wohl
1450 3623 1491 3674 die
1508 3622 1616 3675 Gr'dnde

349 3708 487 3774 audeutet,
508 3725 609 3760 warum
629 3725 675 3760 uus
695 3707 746 3759 deu
765 3708 921 3760 Versuchen
941 3709 1027 3761 uichts
1051 3709 1200 3778 gewordeu
1220 3710 1265 3774 ist,
1289 3709 1388 3761 konrtte
1413 3726 1474 3761 titan
1493 3709 1616 3780 dagegen

350 3796 473 3848 versucht
498 3797 567 3860 sein,
594 3795 641 3847 auf
657 3796 715 3847 eine
735 3794 884 3864 Grhuduug
909 3811 956 3846 vor
978 3808 1044 3861 1254
1064 3813 1094 3846 au
1119 3794 1269 3849 schliesseu.
1307 3796 1336 3847 lu
1360 3795 1447 3848 dieser
1465 3795 1539 3848 Bulle
1562 3811 1616 3848 von

352 3896 418 3949 1254
437 3882 493 3946 Mai,
517 3898 549 3952 ¹9
573 3881 683 3934 werden
708 3898 798 3952 gegen
825 3881 972 3951 »quosdam
999 3882 1156 3951 religiosos«
1183 3882 1318 3934 dieselben
1343 3883 1449 3952 lllagen
1474 3881 1615 3952 geaussert,

350 3967 454 4021 welche
473 3985 562 4038 gegen
581 3968 773 4020 Dominihauer
793 3967 845 4020 und
863 3967 1050 4020 Franzisltauer
1069 3985 1100 4020 so
1119 3968 1158 4020 ot't
1178 3969 1395 4039 ausgesprocheu
1414 3968 1537 4034 wurden,
1561 3969 1616 4021 und

313 4048 315 4053 ’
349 4072 429 4108 wenn
449 4055 516 4108 autch
535 4054 683 4125 aulfitlliger
702 4055 794 4108 Weise
813 4055 871 4126 jede
891 4055 989 4108 uthere
1009 4054 1300 4126 Ordeusbezeichnung
1319 4056 1471 4109 vermiedeu
1490 4055 1564 4122 wird,
1584 4073 1616 4108 so

348 4141 430 4196 findet
455 4143 512 4195 sich
535 4141 577 4195 die
597 4141 671 4194 Bulle
695 4141 765 4194 doch
789 4143 815 4194 in
840 4142 886 4194 der
905 4141 1322 4213 Ordensprivilegiensammlung
1345 4143 1392 4196 des
1411 4143 1615 4196 Domiuilraners

348 4229 432 4301 Jalrob
451 4247 505 4283 von
518 4230 604 4283 Soest.
636 4229 682 4282 leh
695 4229 765 4282 lasse
784 4229 835 4282 den
849 4228 957 4300 Anfang
976 4230 1028 4282 uud
1041 4229 1146 4282 Schluis
1159 4230 1206 4283 des
1220 4231 1399 4283 auscheinend
1418 4230 1615 4301 ungedrucltteu

349 4319 507 4372 Schreibens
527 4319 583 4370 hier
603 4317 707 4388 fulgen:
731 4318 907 4371 lnuocencius
927 4319 1068 4390 episcopus
1092 4327 1142 4372 etc.
1162 4319 1259 4372 dilecto
1277 4317 1332 4371 filio
1358 4318 1445 4371 electo
1465 4318 1615 4372 Patauiensi

349 4405 461 4461 salutem
481 4416 531 4460 etc.
569 4405 650 4460 Lecta
674 4423 765 4458 coram
783 4406 860 4458 nobis
885 4409 973 4476 gravis
992 4406 1149 4460 dilectorum
1173 4405 1286 4459 filiorum
1310 4407 1449 4478 prepositi,
1473 4405 1565 4459 decani
1590 4416 1616 4459 et

349 4494 454 4566 capituli
468 4495 663 4548 Patauieusium
682 4494 846 4564 querimonia
860 4495 1021 4559 continebat,
1041 4493 1119 4564 quod,
1139 4493 1200 4547 licet
1219 4495 1245 4547 iu
1265 4495 1320 4564 ipsa
1334 4503 1360 4546 et
1379 4494 1406 4546 iu
1425 4493 1481 4546 aliis
1496 4493 1616 4547 ecclesiis

349 4582 381 4635 ad
400 4598 448 4635 eos
467 4581 619 4635 immediate
639 4581 818 4652 spectantibus
838 4580 870 4634 ad
887 4581 1029 4634 audiendas
1049 4581 1282 4652 parrochiauorum
1302 4582 1417 4652 ipsarum
1432 4580 1616 4634 confessiones

348 4670 531 4741 deputaverint
550 4669 716 4735 sacerdotes,
743 4669 786 4739 qui
806 4684 883 4739 egeas
902 4670 1055 4722 mortalium
1074 4679 1178 4722 mentes
1200 4670 1242 4740 pia
1261 4669 1450 4722 moderacione
1469 4685 1518 4739 pro
1538 4677 1616 4734 etate,

349 4774 413 4810 sexu
432 4767 458 4810 et
471 4758 568 4810 viribus
587 4757 752 4810 adsalutem
771 4757 915 4827 perducere
928 4758 1057 4822 noverint,
1077 4756 1263 4810 nichilominus
1277 4765 1367 4810 tamen
1386 4757 1435 4826 ipsi
1451 4755 1617 4826 parrochiani

348 4845 500 4913 irrequisitis
520 4844 621 4896 eisdem
640 4843 828 4908 sacerdotibus,
848 4861 942 4914 yruttto
962 4844 1053 4912 pocius
1068 4843 1268 4912 dampnabiliter
1282 4842 1416 4912 vilipensis
1435 4843 1467 4895 ad
1487 4842 1616 4912 quosdam
