3828 5590
370 599 411 684 64
950 608 1044 664 Brief.
1442 612 1463 680 J.
1487 616 1630 681 1265-7u

368 782 496 856 oportet
518 792 554 834 ac
577 769 764 834 continuato
781 767 938 834 desiderio
961 767 1052 832 vobis
1075 766 1184 832 celitus
1207 765 1427 832 retribucionis
1452 766 1632 834 habundan-

369 858 449 922 ciam
472 854 556 922 fideli
579 877 710 941 precum
733 855 885 920 instancia
909 855 1063 939 optinere.
1110 851 1360 941 Her(mannus).

512 980 684 988 ...q—*-

473 1043 529 1099 Fol.
551 1060 590 1114 3¹·

474 1220 503 1265 2.
528 1200 738 1266 Serenissimo
761 1211 854 1286 atque
870 1199 1133 1265 victoriosissimo
1157 1198 1292 1265 domino
1309 1197 1507 1287 O(ttolraro)
1528 1199 1631 1266 divina

368 1285 539 1352 clemencia
555 1287 622 1370 regi
638 1286 834 1351 Boemorum
850 1284 1050 1371 provincialis
1068 1337 1074 1350 .
1093 1337 1100 1351 .
1119 1338 1126 1350 .
1148 1286 1258 1352 Inclite
1274 1287 1419 1373 princeps
1437 1298 1468 1351 et
1484 1285 1630 1353 domine!

367 1373 477 1459 Nuper
500 1375 532 1438 in
555 1371 608 1439 tali
631 1372 705 1438 loco
721 1373 911 1438 constitutus
935 1371 1038 1437 audivi
1054 1371 1158 1459 aliquo
1182 1372 1338 1440 referente
1355 1385 1491 1440 vestram
1515 1375 1632 1438 sereni-

367 1471 464 1526 tatem
495 1461 645 1526 hactenus
669 1458 822 1545 placidam
850 1457 999 1524 adversus
1022 1456 1132 1524 fratres
1161 1478 1290 1525 nostros
1313 1458 1432 1526 ibidem
1460 1459 1632 1546 aliqualiter

366 1545 563 1612 obscuratam
587 1557 730 1632 pretextu
764 1545 843 1610 illius
871 1544 943 1610 facti
972 1556 1031 1610 etc.
1078 1545 1178 1624 Quod
1209 1558 1298 1612 tanto
1322 1545 1503 1611 dolorosius
1530 1547 1632 1631 tetigit

367 1631 462 1698 corda
485 1631 632 1713 fratrum,
662 1643 781 1719 quanto
805 1654 860 1718 per
884 1632 1026 1718 ipsorum
1057 1631 1181 1696 emulos
1205 1644 1251 1698 est
1280 1643 1390 1698 contra
1413 1633 1500 1718 ipsos
1549 1644 1632 1698 reter

366 1720 468 1785 tocius
491 1720 629 1786 veritatis
653 1731 800 1784 tenorem
818 1729 920 1784 vestra
943 1716 1055 1802 regalis
1079 1716 1256 1804 benignitas
1279 1732 1461 1805 provocata.
1501 1655 1591 1785 Absit
1614 1743 1631 1784 a

366 1804 436 1871 filiis
459 1807 558 1892 gratie
574 1803 806 1891 ingratitudinis
825 1805 1011 1884 vicium,.ut
1035 1803 1256 1872 munificencie
1272 1807 1369 1892 regie,
1393 1829 1488 1894 quam
1507 1808 1630 1872 tociens

366 1915 404 1958 ex
428 1894 485 1958 erti
509 1915 618 1958 sumus
641 1892 673 1956 in
697 1903 805 1958 nostra
829 1893 1014 1958 necessitate
1038 1911 1192 1976 paratam,
1223 1892 1274 1959 tali
1298 1891 1485 1959 deberemus
1513 1893 1630 1958 vicissi-

365 1915 474 2044 tudine
497 1977 700 2079 respondere.
734 1978 812 2044 Non
836 2001 913 2129 ergo
937 1977 1085 2043 ascendat
1109 1979 1170 2044 hoc
1194 2001 1287 2065 super
1312 2002 1367 2045 cor
1388 1979 1511 2045 domini
1535 1981 1629 2066 regis,

365 2064 451 2152 quod
475 2063 560 2131 fideli
583 2063 791 2150 indagacione
819 2087 878 2150 pro
901 2083 948 2129 ata
973 2063 1089 2129 nullam
1117 2064 1238 2132 obtinet
1261 2064 1458 2145 firmitatem,
1489 2077 1538 2132 set
1560 2088 1630 2152 per-

365 2152 486 2216 niciose
516 2150 618 2218 verbis
653 2152 782 2216 veritate
814 2151 990 2216 carentibus
1023 2149 1181 2216 fabricent.
1236 2152 1447 2218 Protractiore
1482 2151 1555 2217 stilo
1589 2151 1628 2218 de

365 2235 494 2303 fratrum
519 2238 708 2302 innocencia
736 2235 822 2324 plura
847 2236 987 2302 diffusius
1012 2259 1221 2317 recenserem,
1245 2239 1270 2302 si
1294 2239 1364 2304 viva
1391 2239 1480 2304 vocis
1504 2261 1629 2324 expres-

365 2325 455 2390 sione
479 2324 528 2390 illa
543 2323 634 2391 vobis
653 2322 827 2404 referenda,
852 2323 926 2390 dum
944 2323 983 2390 ad
1006 2334 1142 2390 vestram
1159 2326 1354 2410 presenciam
1378 2325 1486 2391 venire
1502 2337 1628 2412 potero,

365 2433 431 2478 non
455 2435 623 2479 servarem.
672 2411 823 2477 Ceterum
849 2411 1024 2478 celsitudini
1048 2423 1151 2478 vestre
1175 2411 1334 2479 humiliter
1357 2412 1499 2500 supplico
1529 2425 1560 2480 et
1584 2414 1629 2478 in-

363 2511 491 2581 stanter,
516 2512 669 2588 quatenus
684 2497 792 2566 fratres
809 2511 937 2566 nostros
961 2501 992 2565 in
1009 2511 1111 2566 vestra
1128 2497 1353 2566 dominacione
1369 2499 1522 2586 degentes
1538 2499 1629 2568 vobis

363 2587 499 2653 humiles
532 2599 563 2654 et
593 2586 728 2655 devotos
761 2598 945 2654 conservata
978 2586 1098 2653 eisdem
1128 2598 1279 2654 consueta
1311 2589 1434 2675 pietatis
1462 2588 1628 2654 clementia

363 2674 478 2742 habere
501 2674 676 2762 dignemini
705 2686 834 2763 propter
857 2675 964 2740 Deum
992 2677 1024 2740 in
1054 2677 1220 2762 oportunis
1245 2698 1357 2741 eorum
1386 2677 1530 2762 negociis
1557 2698 1630 2763 pro·

362 2763 491 2849 pensius
515 2761 759 2829 commendatos
784 2814 791 2827 .
817 2814 824 2827 .
851 2815 857 2828 .
882 2761 1091 2849 Ar(noldus).

362 2906 373 2912 -
391 2905 678 2912 ———...-...—-....--.-.

468 2968 524 3022 Fol.
546 2984 586 3037 33.
623 2969 703 3020 Beide
726 2968 871 3020 Schreiben
894 2968 1014 3036 gehoren
1039 2967 1109 3020 ihrer
1130 2967 1251 3036 Stellung
1274 2968 1342 3020 nach
1368 2968 1394 3019 in
1417 2967 1459 3019 die
1479 2967 1534 3020 Zeit
1558 2969 1627 3020 nach

362 3056 423 3107 dem
442 3055 545 3107 Pariser
563 3053 659 3122 (1264)
679 3053 731 3106 und
750 3069 805 3126 vor
817 3054 863 3106 das
882 3053 1028 3105 Maliander
1046 3053 1258 3122 Generallrapitel
1272 3054 1378 3121 (1270);
1398 3053 1451 3122 vgl.
1466 3053 1626 3123 Einleitung.

362 3141 428 3193 Eine
449 3142 548 3194 nabere
567 3141 716 3209 Datierung
738 3139 805 3192 wird
828 3139 902 3192 wohl
925 3140 998 3191 nicht
1021 3147 1069 3208 gut
1092 3138 1211 3208 nrdglich
1235 3141 1299 3192 sein.
1341 3129 1413 3191 llber
1438 3139 1626 3209 Beziehungen

362 3226 489 3281 Ottolrars
508 3245 539 3280 zu
558 3226 610 3280 den
629 3227 837 3280 Dominilranern
857 3225 909 3295 vgl.
930 3225 1030 3279 Cliton.
1051 3225 1169 3279 Colmar.
1189 3226 1214 3277 in
1234 3224 1296 3278 MG.
1316 3225 1360 3279 SS.
1380 3225 1465 3291 XVII,
1486 3224 1545 3290 246.

875 3426 876 3430 =
969 3382 1014 3451 21.

362 3590 412 3679 (U
466 3505 744 3680 De6r6)Provingial
773 3505 949 3592 beartstrugt
981 3508 1065 3570 einen
1096 3505 1185 3570 Prior
1222 3507 1275 3569 mit
1306 3504 1359 3568 der
1391 3505 1625 3592 Kreurpredigt.

410 3615 439 3656 m
466 3611 503 3656 12
553 3643 559 3655 .
1531 3616 1535 3624 ·

467 3695 556 3759 Prior
585 3695 785 3780 provincialis
812 3694 863 3760 tali
895 3695 991 3780 priori
1014 3693 1146 3759 salutem
1175 3695 1207 3757 in
1232 3692 1365 3758 domiuo
1389 3695 1624 3779 sempiternam.

362 3781 446 3847 Cum
470 3779 510 3846 de
526 3780 745 3867 predicacione
762 3782 861 3846 crucis
878 3783 909 3844 in
933 3779 1106 3845 subsidium
1122 3792 1204 3846 terre
1228 3792 1335 3845 sancte
1351 3799 1382 3844 et
1404 3803 1497 3866 super
1514 3781 1624 3847 eadem

360 3866 580 3954 predicacione
603 3866 679 3947 aliis,
704 3866 743 3932 de
766 3866 878 3954 quibus
901 3866 993 3931 nobis
1021 3868 1124 3932 visum
1149 3865 1255 3946 fuerit,
1285 3866 1513 3932 committenda
1537 3891 1625 3932 man-

361 3954 469 4020 datum
493 3953 703 4040 apostolicum
727 3954 940 4040 receperimus
964 3953 1113 4040 speciale,
1145 3975 1205 4018 nos
1234 3952 1273 4019 de
1296 3965 1399 4019 vestra
1429 3952 1624 4020 discrecione

360 4041 484 4128 plenam
509 4052 655 4126 gerentes
679 4039 826 4106 fiduciam
850 4039 940 4107 vobis
964 4053 1077 4106 tenore
1101 4041 1299 4127 presencium
1324 4041 1565 4122 committimus,
1589 4052 1622 4107 ut

360 4151 415 4215 per
431 4127 535 4194 datam
551 4152 568 4194 a
584 4128 656 4194 Deo
680 4128 770 4194 vobis
808 4125 990 4194 rudenciam
1008 4127 1118 4194 eadem
1136 4129 1319 4194 auctoritate
1343 4150 1399 4214 per
1417 4129 1572 4194 terminos
1590 4181 1597 4196 .
1616 4181 1622 4194 .

360 4214 493 4282 eandem
519 4238 645 4282 crucem
675 4151 851 4282 secundirm
880 4216 1114 4281 continenciam
1143 4214 1314 4281 litterarum
1339 4213 1493 4300 papalium
1522 4214 1624 4302 predi—

360 4305 447 4384 cetis,
471 4302 698 4370 nonobstante
715 4326 817 4384 cruce,
841 4326 902 4390 que
921 4302 1098 4390 predicatur
1112 4325 1168 4389 per
1184 4301 1261 4367 alios
1282 4301 1390 4368 fratres
1406 4303 1438 4366 in
1456 4302 1634 4368 Livoniam·

359 4411 389 4458 et
413 4391 562 4458 Prutiam.
588 4443 594 4456 .
621 4443 627 4456 .

464 4597 519 4652 Fol.
542 4615 580 4666 32.
619 4601 673 4652 Der
698 4599 772 4652 Brief
791 4600 888 4670 gehdrt
914 4601 1002 4652 seiner
1028 4599 1149 4668 Stellung
1173 4599 1241 4650 uach
1266 4599 1292 4650 in
1315 4598 1356 4650 die
1381 4598 1435 4649 Zeit
1462 4599 1530 4650 uach
1557 4597 1624 4662 1264

358 4687 396 4738 bis
418 4701 493 4754 1270.
530 4687 615 4740 Eineu
634 4687 751 4740 direlrteu
771 4687 936 4757 pa'tpstlichen
948 4686 1061 4756 Auftrag
1079 4703 1124 4738 zur
1138 4685 1328 4755 Kreuzpredigt
1342 4686 1368 4737 in
1388 4685 1533 4738 subsidium
1553 4694 1622 4737 terre

358 4782 448 4826 sancte
467 4790 579 4843 vermag
597 4775 640 4827 ich
659 4774 787 4827 wiilrrend
806 4774 892 4826 dieser
910 4774 965 4826 Zeit
984 4773 1025 4825 ft'u
1043 4773 1094 4825 den
1114 4773 1259 4825 deutschen
1279 4772 1425 4824 l'rovinzial
1449 4772 1522 4824 nicht
1541 4772 1622 4824 nach-

357 4860 498 4913 zuweisen.
518 4860 568 4912 Zur
580 4860 772 4931 Kreuzprcdigt
785 4876 875 4930 gegen
889 4859 998 4912 Livlaud
1012 4859 1106 4912 erhielt
1119 4858 1241 4911 letaterer
1254 4858 1412 4910 wiederholt
1423 4858 1624 4926 Auflorderung
