3822 5592
302 585 324 656 J·
347 601 421 654 ¹275·

910 807 960 879 (tt.

411 928 642 998 Ordensbrelder
656 931 778 995 werden
795 932 848 995 ruit
864 929 917 995 der
932 929 1105 1016 Grr'indung
1120 929 1170 996 des
1182 931 1351 996 Korrverrtes
1367 933 1398 996 in
1414 932 1568 1018 Prerrqlau

302 1017 487 1104 learrstragt.
534 1014 661 1105 (1275.)

406 1133 560 1203 Fratribus
584 1133 623 1201 ad
645 1135 863 1222 recipiendum
888 1135 1021 1202 domurn
1047 1158 1163 1202 novam
1187 1135 1291 1202 missis
1315 1136 1567 1240 Her(mannus).

302 1224 387 1305 Quia
417 1222 523 1290 multis
555 1221 594 1290 de
624 1224 724 1290 causis
757 1221 905 1312 expedire
936 1222 1089 1305 creditur,
1120 1221 1207 1311 quod
1238 1221 1354 1290 domus
1382 1223 1503 1291 ordinis
1534 1249 1566 1292 m

301 1309 530 1380 Premezlavia¹
567 1321 719 1379 statuatur
753 1309 959 1400 fratribusque
994 1309 1136 1378 fulciatur
1174 1309 1311 1400 ydoneis
1347 1335 1369 1379 o
1392 1313 1502 1380 inione
1537 1325 1568 1382 et

300 1400 413 1467 virtute
436 1399 550 1501 pariter
572 1397 753 1481 redimitis,²
777 1397 816 1466 de
839 1399 1025 1466 sinceritatis
1049 1410 1153 1466 vestre
1177 1401 1352 1487 promptitu
1376 1401 1428 1466 ine
1452 1423 1567 1489 gerens

301 1488 332 1554 in
355 1485 489 1554 dommo
513 1485 660 1554 fiduciam
684 1485 876 1575 pleniorem,
903 1510 977 1569 vos,
1006 1487 1096 1554 utin
1119 1485 1193 1553 loco
1216 1485 1360 1575 predicto
1384 1489 1566 1572 moremini,

300 1573 370 1642 illuc
404 1571 478 1642 duxi
512 1585 624 1642 tenore
656 1576 851 1662 presentium
885 1573 1125 1656 destinandum,
1160 1576 1382 1658 committens,
1421 1577 1567 1665 quatinus

299 1674 372 1762 post
387 1659 462 1730 VIII
477 1660 600 1729 dierum
623 1663 796 1730 terminum
820 1663 993 1729 iniunctam
1010 1660 1100 1729 vobis
1124 1659 1338 1729 obedientiam
1356 1687 1413 1731 exe
1438 1665 1566 1747 uamini,

299 1747 498 1817 intendentes
522 1751 606 1816 iuxta
629 1751 767 1851 graciam
792 1749 901 1816 celitus
925 1748 1015 1816 vobis
1039 1748 1154 1830 datam,
1178 1749 1309 1837 qualiter
1332 1688 1457 1818 uoveda
1480 1751 1567 1839 plan-

298 1837 385 1917 tatio,
409 1837 496 1902 cuius
511 1855 614 1902 vestre
638 1835 791 1902 industrie
815 1834 932 1902 credita
956 1847 1003 1902 est
1019 1835 1148 1917 cultura,
1172 1834 1211 1901 ad
1235 1836 1395 1903 honorem
1411 1839 1472 1904 Dei
1493 1861 1567 1926 pro·

298 1921 380 1989 ficiat
403 1933 434 1990 et
456 1921 573 1989 fructus
597 1920 671 1989 inde
693 1923 860 2010 proveniat
883 1921 1028 1988 videlicet
1057 1923 1243 1989 animarum.
1290 1921 1342 1990 ad
1365 1923 1424 1991 hec
1447 1926 1480 1991 in
1503 1935 1565 1991 ter·

297 2011 391 2075 minis
414 2008 625 2076 adiacentibus
642 2033 803 2076 annonam
828 2028 858 2075 et
879 2008 936 2074 alia
952 2009 1015 2075 vite
1032 2007 1168 2076 subsidia
1192 2008 1396 2092 mendicetis,
1420 2021 1469 2093 ut,
1493 2013 1565 2078 cum

297 2097 329 2161 in
353 2095 537 2182 provinciali
557 2095 692 2182 capitulo
718 2107 896 2162 conventus
920 2097 1063 2176 mittitur,
1086 2095 1232 2182 gratulari
1253 2097 1376 2182 possint
1396 2095 1436 2163 de
1458 2120 1567 2184 prece·

297 2180 439 2248 dentium
463 2180 668 2269 providencia
691 2180 928 2270 subsequentes.
976 2181 1088 2248 Valete
1112 2193 1143 2249 et
1167 2180 1274 2270 or(ate
1298 2205 1356 2269 pro
1381 2183 1462 2272 me).

404 2401 412 2431 ¹
432 2394 469 2447 So
489 2393 537 2448 Or.
611 2399 622 2430 ²
640 2392 757 2447 reclinitls
777 2393 828 2447 IIS.

401 2587 457 2643 Fol.
480 2589 564 2643 126v.
602 2589 663 2661 Vgl.
677 2587 719 2642 die
738 2606 794 2642 vor.
808 2589 854 2642 Nr.
887 2589 951 2642 Wcr
970 2588 1021 2642 den
1035 2587 1148 2660 Austrag
1167 2589 1248 2660 giebt,
1268 2589 1314 2642 der
1333 2589 1479 2643 Provinzial
1499 2589 1565 2644 oder

298 2677 353 2729 sein
372 2676 492 2730 Vilrarius
512 2677 661 2746 (Hermann
680 2694 733 2731 von
752 2677 906 2746 Mamerti),
926 2678 958 2731 ist
978 2677 1035 2730 hier
1054 2677 1126 2730 niclrt
1149 2675 1338 2748 ausgedmclrt;
1363 2675 1434 2730 doch
1453 2675 1519 2730 wird
1537 2678 1564 2730 in

297 2763 343 2816 der
362 2763 587 2833 aweitfolgenden
607 2764 652 2818 Nr.
673 2764 719 2816 der
738 2764 884 2817 Provinzial
905 2773 1031 2831 genennt.

902 3037 953 3107 65.

399 3162 467 3228 Der
492 3161 637 3250 Srrlrprior
667 3162 717 3228 der
740 3161 975 3229 Halberstridter
998 3162 1167 3228 Korrverrtes
1195 3160 1277 3226 wird
1302 3185 1372 3248 qerru
1397 3162 1486 3228 Prior
1514 3163 1565 3228 des

294 3273 350 3316 neu
372 3271 410 3336 (ιι
432 3250 629 3337 gribrdrrrderr
655 3249 843 3337 Prenrlaner
867 3249 1001 3316 Klorlrrr
1024 3261 1165 3315 certarent.
1213 3246 1290 3336 (127
1294 3247 1340 3338 ι.)

399 3371 560 3458 Suppriori
594 3371 859 3439 Halberstadeusi.
915 3373 1090 3438 Karissimo
1124 3383 1155 3439 et
1187 3370 1277 3438 infra.
1332 3373 1454 3438 Verum
1491 3372 1563 3460 quia

292 3457 435 3525 fratribus
468 3458 539 3526 illuc
572 3461 676 3526 missis
714 3471 745 3526 et
778 3458 940 3526 mittendis
973 3458 1118 3526 nondum
1154 3458 1193 3526 de
1230 3458 1334 3547 aliquo
1344 3511 1353 3541 ,
1388 3457 1427 3525 ad
1465 3481 1559 3546 quem

291 3564 469 3633 respectum
504 3545 707 3634 principalem
740 3546 889 3626 habeant,
923 3558 970 3613 est
1005 3547 1184 3634 provisum,
1218 3545 1257 3613 de
1294 3558 1396 3613 vestra
1427 3547 1562 3613 circum-

291 3634 456 3719 spectione
488 3657 601 3719 gereus
637 3635 668 3698 iu
707 3632 841 3700 domino
877 3632 1024 3699 fiduciam
1060 3633 1254 3720 pleniorem,
1289 3656 1348 3700 vos
1380 3632 1511 3700 absolvo
1544 3657 1560 3700 a

291 3721 505 3819 supprioratus
529 3718 636 3785 officio
661 3743 716 3805 per
739 3731 916 3805 presentes,
946 3719 1057 3786 volens
1082 3739 1112 3786 et
1143 3721 1422 3786 inremissionem
1451 3742 1561 3806 pecca-

291 3829 413 3871 uunum
437 3805 528 3871 vobis
550 3807 730 3891 iniungens,
755 3807 900 3894 quatinus
924 3805 1002 3872 infra
1027 3805 1093 3872 dies
1111 3807 1186 3874 VIII
1209 3805 1328 3873 vadatis
1352 3829 1410 3893 pro
1434 3817 1559 3872 rectore

289 3891 418 3959 fratrum
449 3905 479 3959 et
502 3891 564 3959 loci
593 3905 772 3960 moraturus
796 3891 927 3975 ibidem,
956 3916 1122 3982 quousque
1151 3917 1207 3980 per
1236 3891 1405 3980 capitulum
1429 3892 1478 3960 vel
1503 3915 1560 3980 per

289 3978 514 4066 provincialem
544 3979 686 4047 officium
715 3979 797 4047 aliud
828 3981 1001 4047 ordinetur.
1048 3981 1179 4048 interim
1206 4003 1334 4069 quoque
1362 3979 1472 4046 fratres
1501 3981 1557 4067 ipsi

289 4067 378 4134 vobis
401 4077 561 4154 tamquam
587 4069 683 4153 priori
707 4091 766 4134 suo
790 4067 956 4135 intendere
980 4079 1162 4136 reverenter
1191 4079 1222 4135 et
1246 4066 1375 4134 obedire
1399 4067 1559 4134 humiliter

289 4155 321 4219 in
345 4151 492 4220 omnibus
516 4154 717 4222 tenebuntur.
754 4155 905 4221 Ceterum
922 4157 994 4243 quia
1017 4154 1141 4222 novella
1164 4153 1317 4242 plantatio
1341 4153 1433 4220 rebus
1455 4152 1557 4220 adhuc

289 4241 470 4306 necessariis
495 4252 542 4306 est
566 4253 672 4324 exuta,
702 4241 817 4328 placet,
847 4241 934 4329 quod
957 4259 1061 4309 vestes
1084 4253 1202 4308 vestras
1232 4253 1263 4308 et
1291 4239 1387 4307 libros
1418 4263 1454 4306 ac
1482 4263 1558 4329 que-

289 4350 424 4416 cumque
444 4326 528 4394 bona
543 4327 633 4395 vobis
651 4352 689 4395 ex
705 4330 820 4416 pietate
835 4327 970 4395 fraterna
987 4339 1165 4395 conventus
1181 4327 1231 4395 alii
1247 4327 1406 4394 voluerint
1423 4326 1485 4394 elar
1509 4327 1555 4409 iri,

288 4415 401 4502 pariter
433 4413 593 4482 deducatis
621 4439 681 4483 nec
714 4415 752 4481 ali
777 4415 830 4482 uid
862 4415 1058 4482 reiciendum
1091 4426 1185 4504 puto,
1218 4414 1305 4503 quod
1336 4416 1369 4480 in
1400 4350 1558 4496 calicibus,

289 4501 478 4584 missalibus,
505 4502 663 4592 ampullis,
688 4439 895 4585 candelabris,
919 4502 1124 4585 mensalibus,
1148 4503 1257 4584 thure,
1281 4500 1362 4584 lino,
1391 4525 1461 4570 cera
1485 4526 1557 4570 cum

289 4591 456 4676 gratiarum
487 4592 656 4678 percipitur
679 4593 814 4658 actione.
861 4590 973 4657 Valere
998 4601 1056 4658 etc.

394 4815 450 4870 Fol.
472 4815 520 4869 126
529 4829 556 4869 v.
594 4816 655 4886 Vgl.
675 4816 717 4869 dle
737 4835 793 4871 vor.
813 4818 859 4871 Nr.
