3822 5592
942 597 1035 652 Briele.
1498 594 1520 666 J.
1542 594 1617 665 1289.

951 783 1018 854 143.

459 910 637 997 Provinqinl
653 908 844 1062 (Hernranrp
860 924 963 976 warnt
978 933 1034 976 vor
1049 909 1227 996 Ausnnlnne
1242 907 1457 974 verher'rntctrr
1473 907 1616 986 Mdnnrr,

346 997 442 1064 alneu
466 997 587 1064 Fraueu
611 997 692 1063 ru'clat
715 1000 761 1062 ins
785 998 819 1062 K
828 1011 905 1063 oster
925 1019 1083 1084 gegangrn
1105 999 1194 1062 scien.
1241 991 1369 1084 (1289.)

458 1099 489 1164 T
490 1099 587 1166 alibus
610 1098 754 1165 fratribus
777 1100 986 1185 provincialis.
1022 1099 1178 1178 Quamvis
1202 1097 1294 1164 nobis
1318 1097 1386 1162 fore
1410 1096 1520 1162 debeat
1537 1097 1616 1164 voti-

350 1207 438 1265 vum,
462 1197 496 1251 ut
520 1187 551 1250 in
568 1184 677 1250 diebus
701 1187 817 1251 nostris
833 1185 967 1271 populus
984 1186 1056 1250 Deo
1080 1185 1220 1250 serviens
1237 1203 1268 1250 et
1293 1185 1407 1250 merito
1425 1203 1456 1248 et
1480 1204 1615 1248 numero

350 1283 512 1356 augeatur,
536 1270 662 1357 expedit
678 1289 795 1350 tamen,
819 1270 906 1358 quod
929 1270 968 1336 ad
983 1270 1146 1338 vitandum
1171 1269 1314 1336 scandala
1353 1270 1432 1336 osita
1456 1271 1540 1334 iuxta
1558 1269 1617 1350 iter

351 1357 396 1423 sic
412 1356 581 1444 precedant
604 1356 750 1444 palpebre
765 1379 892 1444 gressus
909 1369 1047 1437 nostros,
1072 1370 1106 1423 ut
1129 1369 1235 1423 sancta
1251 1292 1405 1422 desideria
1422 1356 1515 1422 etiam
1533 1366 1615 1420 tecta

351 1443 481 1509 consilia
505 1455 536 1510 et
564 1445 643 1509 iusta
667 1466 763 1529 opera
786 1445 988 1510 comitentur.
1035 1443 1117 1510 Sane
1146 1442 1184 1510 ad
1214 1466 1266 1508 me
1290 1441 1444 1529 perlatum
1473 1442 1615 1520 memini,

352 1528 438 1617 quod
467 1529 593 1618 quidam
622 1531 706 1596 cives
736 1531 769 1595 in
797 1531 899 1616 Merg.
925 1529 973 1617 (?)
1004 1582 1010 1596 .
1037 1582 1043 1596 .
1070 1537 1097 1596 .1
1125 1529 1254 1596 fratrum
1281 1531 1443 1616 presencia
1472 1527 1615 1594 delectati

351 1615 455 1682 relicta
479 1617 615 1683 vanitate
639 1615 735 1682 seculi
758 1629 871 1684 nostro
918 1616 1066 1684 uerebant
1090 1616 1193 1683 ordini
1217 1616 1340 1698 sociari,
1364 1638 1500 1704 quorum
1518 1613 1615 1682 devo-

350 1703 474 1769 tionem
489 1703 562 1770 licet
578 1702 726 1770 ducerem
744 1640 1043 1784 commendandam,
1066 1725 1174 1770 tamen
1191 1705 1262 1792 quia
1278 1705 1309 1768 in
1327 1704 1433 1770 multis
1449 1724 1614 1789 suppressa

350 1791 463 1857 veritas
487 1792 602 1872 extitit,
633 1791 743 1878 opinio
767 1814 819 1857 me
842 1789 958 1857 fefellit.
1003 1791 1073 1858 Nec
1102 1814 1252 1879 umquam
1281 1809 1345 1857 tam
1374 1811 1504 1878 preceps
1528 1787 1613 1855 volui

349 1878 501 1958 inveniri,
534 1877 619 1966 quod
647 1877 754 1944 locum
778 1877 941 1946 novellum
970 1891 1001 1945 et
1024 1877 1133 1946 fratres
1161 1901 1279 1966 paucos
1302 1900 1472 1966 pravorum
1496 1878 1614 1963 impor-

342 1966 481 2031 tunitate
498 1985 628 2031 vexatos
650 1977 739 2031 tanto
755 1964 931 2032 subicerent
948 1965 1130 2047 discrimini,
1155 1985 1189 2032 ut
1204 1967 1289 2032 viros
1312 1966 1486 2051 reciperem
1504 1964 1612 2028 coniu-

348 2063 441 2136 gatos
465 2051 609 2117 nondum
627 2051 774 2118 uxoribus
799 2053 830 2116 in
853 2053 1059 2133 monasterio,
1084 2052 1254 2120 collocatis.
1287 2053 1331 2118 Ut
1349 2051 1387 2118 de
1411 2049 1611 2117 multitudiue

348 2159 521 2222 puerorum
549 2151 687 2217 taceam,
717 2161 798 2225 quos
827 2138 961 2204 tenellus
989 2139 1099 2206 orbare
1125 2152 1156 2206 et
1183 2139 1359 2225 relinquere
1387 2141 1455 2204 sine
1483 2157 1611 2222 paterna

348 2222 547 2308 providentia
563 2223 686 2290 videtur
709 2225 834 2324 penitus
850 2224 1070 2307 inhumanum,
1096 2249 1133 2292 ex
1150 2249 1213 2314 quo
1230 2239 1338 2312 posset
1353 2223 1505 2303 accidere,
1524 2221 1611 2310 quod

347 2311 566 2394 provisionem
589 2309 627 2376 ab
651 2309 762 2376 ordrne
786 2331 965 2398 poscerent,
989 2334 1047 2398 pro
1072 2315 1158 2378 cuius
1182 2310 1358 2399 improvida
1381 2312 1496 2398 pietate
1516 2331 1611 2395 coge·

346 2408 455 2464 rentur
470 2396 731 2464 lamentationem
751 2397 833 2464 illam
858 2410 974 2464 terere:
1000 2398 1113 2486 pupilla
1129 2422 1238 2465 sumus
1261 2397 1377 2486 absque
1402 2416 1499 2484 patre,
1523 2397 1611 2484 quasi

345 2481 440 2550 vidue
464 2496 580 2551 matres
604 2497 722 2551 nostre.
768 2485 843 2564 Que
867 2487 994 2572 iusuper
1016 2486 1106 2552 vobis
1129 2488 1226 2572 gratia
1250 2499 1281 2552 et
1304 2487 1373 2573 quis
1397 2485 1512 2563 lrouor,
1537 2506 1609 2548 cum

347 2570 505 2638 eiusmodi
535 2573 615 2638 vites
646 2571 860 2638 habundantes
893 2584 1091 2640 morarentur
1123 2574 1172 2640 vel
1204 2574 1314 2675 pocius
1347 2583 1548 2638 morerentur
1578 2570 1610 2634 in

346 2658 491 2726 lateribus
515 2657 631 2726 domus
653 2660 775 2726 vestre?
818 2658 1022 2748 Quapropter
1046 2658 1084 2727 de
1109 2684 1233 2748 propna
1257 2660 1441 2747 ignorancia
1464 2658 1609 2746 penitens

346 2759 378 2812 et
393 2745 571 2814 facilitatem
596 2745 696 2813 adbuc
712 2769 746 2812 re
762 2748 883 2834 integra
900 2749 1063 2834 corrigens
1080 2749 1315 2815 universitatem
1333 2759 1468 2814 vestram
1486 2767 1609 2811 ammo-

347 2855 425 2913 neo,
463 2855 503 2897 ne
531 2856 595 2921 quo
619 2832 764 2899 uomodo
792 2836 824 2899 iu
857 2836 1039 2920 receptione
1068 2837 1311 2919 coniugatorum
1346 2846 1377 2900 et
1405 2832 1477 2898 alias
1506 2832 1610 2896 minus

343 2917 468 2984 utilium
499 2857 671 3005 procedere
696 2918 848 3001 debeatis,
879 2921 911 2984 in
941 2920 1067 3007 reliquis
1099 2941 1205 2986 autem
1236 2943 1294 2986 vos
1322 2922 1396 3006 ipsis
1425 2915 1609 2983 favorabiles

346 3003 490 3071 exbibete
506 3023 537 3072 et
553 3017 705 3092 quantum
722 3005 822 3086 decet,
845 3006 917 3072 licet
938 3019 969 3073 et
990 3007 1125 3093 expedit,
1148 3005 1324 3087 funiliares,
1348 3006 1451 3071 donec
1474 3001 1608 3068 feminas

341 3090 476 3157 claustra
500 3093 684 3158 contineant
707 3091 910 3172 feminarum,
942 3117 982 3159 ne
1007 3092 1109 3159 dicam
1133 3093 1338 3161 contubernia
1361 3091 1411 3158 vel
1439 3089 1607 3156 reclusoria

343 3176 540 3264 beginarum,
565 3199 595 3245 et
618 3177 705 3267 quod
728 3178 829 3246 nullus
853 3202 1024 3266 puerorum
1044 3180 1199 3247 tutoribus
1222 3178 1464 3248 testamentariis
1484 3188 1608 3243 careant

344 3265 394 3332 vel
418 3263 539 3346 dativis,
563 3290 579 3332 a
602 3265 713 3353 quibus
729 3268 797 3332 vice
821 3280 986 3353 parentum
1011 3279 1249 3354 competentem
1272 3278 1399 3354 sperent
1422 3265 1605 3332 alimoniam

340 3371 376 3420 et
398 3354 496 3420 totius
512 3353 575 3420 vite
591 3354 743 3440 accipiant
759 3377 877 3434 curam,
901 3354 1021 3421 nullum
1039 3368 1216 3442 respectum
1233 3354 1381 3442 deinceps
1404 3352 1444 3420 ad
1460 3351 1605 3418 ordinem

345 3439 487 3506 babituri.
523 3440 556 3506 Si
579 3439 653 3528 quid
677 3439 759 3506 aliud
782 3453 886 3508 actum
903 3443 952 3508 vel
977 3442 1156 3508 ordinatum
1181 3441 1273 3510 fuerit
1295 3465 1351 3530 per
1374 3463 1608 3528 quemcunque,

336 3525 483 3592 decerno
506 3526 703 3613 presentibus
727 3528 847 3593 irritum
873 3541 904 3594 et
927 3531 1020 3594 inane
1044 3581 1051 3595 .
1078 3581 1084 3595 .
1110 3529 1220 3596 Valete
1245 3582 1252 3596 .
1279 3582 1285 3595 .

345 3652 483 3659 ,---..
490 3651 660 3659 ———..·-

451 3707 458 3737 ¹
478 3699 638 3752 Ausradiert.

449 3810 600 3910 caslav.

941 3995 1009 4065 lla.

448 4117 625 4202 Provinqr'al
637 4114 827 4208 (Hermann)
841 4133 980 4205 gestntlet
999 4123 1060 4186 eini
1081 4145 1116 4186 en
1133 4121 1252 4206 Hersen
1274 4123 1304 4185 a'n
1320 4120 1437 4186 Planen
1462 4123 1492 4186 iu
1510 4121 1604 4186 rnen

342 4204 448 4269 ,Haase
471 4207 517 4268 ein
541 4204 774 4278 Fratrenltloster
796 4208 1008 4291 eiurnrirhlen.
1055 4145 1181 4274 fluunt
1229 4205 1354 4296 (1289.)

434 4308 637 4374 Prouincialis
647 4308 833 4396 quibusdam
847 4309 986 4376 dominis
999 4310 1038 4377 de
1050 4311 1235 4378 fundatione
1247 4313 1431 4378 monasterii
1443 4334 1603 4378 sororum.

341 4395 386 4461 Ex
408 4407 495 4482 parte
511 4406 614 4462 vestra
638 4419 738 4483 nuper
761 4395 804 4462 fui
829 4397 986 4463 humiliter
1009 4400 1185 4486 requisitus,
1209 4398 1295 4486 quod
1320 4421 1512 4465 consensum
1522 4421 1604 4551 pre-

341 4481 458 4563 berem,
483 4501 516 4547 ut
540 4503 595 4568 per
617 4505 676 4548 vos
700 4484 731 4549 in
749 4495 851 4550 vestra
874 4481 974 4548 domo
997 4485 1165 4550 claustrum
1189 4507 1337 4551 sororum
1361 4487 1462 4550 nostri
1483 4509 1520 4550 or
1545 4487 1603 4551 inis

340 4566 530 4635 fundaretur.
567 4569 636 4654 Ego
660 4571 754 4654 igitur
777 4582 863 4636 tante
880 4568 1060 4638 devotionis
1084 4573 1228 4657 princeps
1252 4571 1319 4637 freri
1337 4573 1466 4658 cupiens
1490 4585 1603 4638 tenore

339 4657 539 4805 presencium
564 4649 720 4737 conced0‚
743 4654 846 4743 quod,
871 4657 895 4721 si
919 4657 1035 4743 placet,
1059 4660 1090 4723 in
1116 4657 1235 4744 oppido
1258 4657 1379 4738 Plawe,
1403 4657 1452 4723 vel
1477 4658 1548 4723 alibi
1571 4659 1601 4722 in

351 4763 412 4806 oco
436 4741 474 4808 ad
497 4742 559 4808 lroc
576 4754 661 4828 apto,
686 4741 800 4808 domus
825 4741 962 4810 edificari
985 4747 1169 4831 procuretis,
1192 4768 1265 4831 que,
1289 4768 1361 4810 curn
1379 4746 1423 4810 sic
1447 4743 1538 4810 fuerit
1558 4747 1603 4810 iu·

335 4840 482 4908 stauratii,
506 4827 592 4916 quod
608 4851 736 4894 sorores
753 4829 793 4894 ibi
818 4831 939 4916 possint
956 4855 1028 4896 curu
1045 4833 1274 4898 sustentatione
1291 4829 1394 4898 debita
1412 4833 1602 4910 conversuri,
