<?xml version="1.0" encoding="UTF-8"?>
<!DOCTYPE html PUBLIC "-//W3C//DTD XHTML 1.0 Transitional//EN"
    "http://www.w3.org/TR/xhtml1/DTD/xhtml1-transitional.dtd">
<html xmlns="http://www.w3.org/1999/xhtml" xml:lang="en" lang="en">
 <head>
  <title>
</title>
<meta http-equiv="Content-Type" content="text/html;charset=utf-8" />
  <meta name='ocr-system' content='tesseract 3.04.00' />
  <meta name='ocr-capabilities' content='ocr_page ocr_carea ocr_par ocr_line ocrx_word'/>
</head>
<body>
  <div class='ocr_page' id='page_1' title='image "./ungedrucktedomi00finkgoog_0129.png"; bbox 0 0 3822 5592; ppageno 0'>
   <div class='ocr_carea' id='block_1_1' title="bbox 359 575 1682 662">
    <p class='ocr_par' dir='ltr' id='par_1_1' title="bbox 359 575 1682 662">
     <span class='ocr_line' id='line_1_1' title="bbox 359 575 1682 662; baseline 0.005 -24"><span class='ocrx_word' id='word_1_1' title='bbox 359 575 418 639; x_wconf 90' lang='lat'>116</span> <span class='ocrx_word' id='word_1_2' title='bbox 695 595 699 602; x_wconf 85' lang='lat'>&#39;</span> <span class='ocrx_word' id='word_1_3' title='bbox 941 589 1036 646; x_wconf 85' lang='lat' dir='ltr'>Briefe.</span> <span class='ocrx_word' id='word_1_4' title='bbox 1497 593 1519 662; x_wconf 92' lang='lat' dir='ltr'>J.</span> <span class='ocrx_word' id='word_1_5' title='bbox 1544 593 1616 646; x_wconf 80' lang='lat'>1288.</span> <span class='ocrx_word' id='word_1_6' title='bbox 1680 601 1682 606; x_wconf 85' lang='lat'>&#39;</span> 
     </span>
    </p>
   </div>
   <div class='ocr_carea' id='block_1_2' title="bbox 264 744 1618 2308">
    <p class='ocr_par' dir='ltr' id='par_1_2' title="bbox 353 744 1618 2050">
     <span class='ocr_line' id='line_1_2' title="bbox 355 744 1618 835; baseline 0.001 -24"><span class='ocrx_word' id='word_1_7' title='bbox 355 747 408 835; x_wconf 92' lang='lat' dir='ltr'>qui</span> <span class='ocrx_word' id='word_1_8' title='bbox 452 758 571 828; x_wconf 89' lang='lat' dir='ltr'>resunt,</span> <span class='ocrx_word' id='word_1_9' title='bbox 595 745 791 813; x_wconf 89' lang='lat' dir='ltr'>dissimulant</span> <span class='ocrx_word' id='word_1_10' title='bbox 815 757 845 813; x_wconf 90' lang='lat' dir='ltr'>et</span> <span class='ocrx_word' id='word_1_11' title='bbox 869 747 990 812; x_wconf 90' lang='lat' dir='ltr'>nescire</span> <span class='ocrx_word' id='word_1_12' title='bbox 1007 769 1041 814; x_wconf 89' lang='lat' dir='ltr'>se</span> <span class='ocrx_word' id='word_1_13' title='bbox 1064 745 1221 828; x_wconf 90' lang='lat' dir='ltr'>simulant,</span> <span class='ocrx_word' id='word_1_14' title='bbox 1245 769 1319 814; x_wconf 90' lang='lat' dir='ltr'>curn</span> <span class='ocrx_word' id='word_1_15' title='bbox 1343 744 1519 814; x_wconf 88' lang='lat' dir='ltr'>secundum</span> <span class='ocrx_word' id='word_1_16' title='bbox 1543 749 1618 814; x_wconf 88' lang='lat' dir='ltr'>iuris</span> 
     </span>
     <span class='ocr_line' id='line_1_3' title="bbox 356 768 1617 920; baseline 0.001 -23"><span class='ocrx_word' id='word_1_17' title='bbox 356 768 497 918; x_wconf 83' lang='lat' dir='ltr'>regulam</span> <span class='ocrx_word' id='word_1_18' title='bbox 521 853 588 900; x_wconf 92' lang='lat' dir='ltr'>non</span> <span class='ocrx_word' id='word_1_19' title='bbox 612 845 660 899; x_wconf 91' lang='lat' dir='ltr'>est</span> <span class='ocrx_word' id='word_1_20' title='bbox 704 833 816 900; x_wconf 90' lang='lat' dir='ltr'>astoris</span> <span class='ocrx_word' id='word_1_21' title='bbox 840 835 1015 912; x_wconf 87' lang='lat' dir='ltr'>excusaci0,</span> <span class='ocrx_word' id='word_1_22' title='bbox 1040 833 1065 897; x_wconf 94' lang='lat' dir='ltr'>si</span> <span class='ocrx_word' id='word_1_23' title='bbox 1087 832 1177 919; x_wconf 92' lang='lat' dir='ltr'>lupus</span> <span class='ocrx_word' id='word_1_24' title='bbox 1200 855 1277 899; x_wconf 89' lang='lat' dir='ltr'>oves</span> <span class='ocrx_word' id='word_1_25' title='bbox 1300 833 1486 914; x_wconf 85' lang='lat' dir='ltr'>commedit,</span> <span class='ocrx_word' id='word_1_26' title='bbox 1510 846 1617 920; x_wconf 91' lang='lat' dir='ltr'>pastor</span> 
     </span>
     <span class='ocr_line' id='line_1_4' title="bbox 355 855 1617 1007; baseline 0 -23"><span class='ocrx_word' id='word_1_27' title='bbox 355 919 465 986; x_wconf 90' lang='lat' dir='ltr'>nescit.</span> <span class='ocrx_word' id='word_1_28' title='bbox 511 918 549 985; x_wconf 87' lang='lat' dir='ltr'>Et</span> <span class='ocrx_word' id='word_1_29' title='bbox 577 855 753 985; x_wconf 76' lang='lat' dir='ltr'>secunlum</span> <span class='ocrx_word' id='word_1_30' title='bbox 783 920 973 985; x_wconf 86' lang='lat' dir='ltr'>autenticam</span> <span class='ocrx_word' id='word_1_31' title='bbox 1001 919 1215 984; x_wconf 88' lang='lat' dir='ltr'>sanctissimus</span> <span class='ocrx_word' id='word_1_32' title='bbox 1225 917 1294 1007; x_wconf 80' lang='lat'>(?)²</span> <span class='ocrx_word' id='word_1_33' title='bbox 1322 921 1490 1006; x_wconf 91' lang='lat' dir='ltr'>episcopus</span> <span class='ocrx_word' id='word_1_34' title='bbox 1518 920 1617 986; x_wconf 84' lang='lat' dir='ltr'>semel</span> 
     </span>
     <span class='ocr_line' id='line_1_5' title="bbox 355 1003 1618 1080; baseline 0.002 -12"><span class='ocrx_word' id='word_1_35' title='bbox 355 1003 406 1069; x_wconf 93' lang='lat' dir='ltr'>vel</span> <span class='ocrx_word' id='word_1_36' title='bbox 428 1003 475 1070; x_wconf 91' lang='lat' dir='ltr'>bis</span> <span class='ocrx_word' id='word_1_37' title='bbox 498 1005 532 1070; x_wconf 90' lang='lat' dir='ltr'>in</span> <span class='ocrx_word' id='word_1_38' title='bbox 556 1016 641 1069; x_wconf 87' lang='lat' dir='ltr'>anno</span> <span class='ocrx_word' id='word_1_39' title='bbox 664 1016 790 1070; x_wconf 90' lang='lat' dir='ltr'>tenetur</span> <span class='ocrx_word' id='word_1_40' title='bbox 808 1026 920 1072; x_wconf 88' lang='lat' dir='ltr'>causas</span> <span class='ocrx_word' id='word_1_41' title='bbox 944 1004 1176 1070; x_wconf 88' lang='lat' dir='ltr'>monachorum</span> <span class='ocrx_word' id='word_1_42' title='bbox 1201 1023 1231 1071; x_wconf 90' lang='lat' dir='ltr'>et</span> <span class='ocrx_word' id='word_1_43' title='bbox 1255 1004 1442 1080; x_wconf 90' lang='lat' dir='ltr'>clericorum</span> <span class='ocrx_word' id='word_1_44' title='bbox 1465 1003 1618 1072; x_wconf 87' lang='lat' dir='ltr'>subtiliter</span> 
     </span>
     <span class='ocr_line' id='line_1_6' title="bbox 356 1087 1618 1186; baseline 0.001 -30"><span class='ocrx_word' id='word_1_45' title='bbox 356 1091 544 1170; x_wconf 85' lang='lat' dir='ltr'>examinare,</span> <span class='ocrx_word' id='word_1_46' title='bbox 569 1109 600 1155; x_wconf 91' lang='lat' dir='ltr'>et</span> <span class='ocrx_word' id='word_1_47' title='bbox 623 1088 771 1186; x_wconf 92' lang='lat' dir='ltr'>quicquid</span> <span class='ocrx_word' id='word_1_48' title='bbox 795 1101 906 1156; x_wconf 89' lang='lat' dir='ltr'>contra</span> <span class='ocrx_word' id='word_1_49' title='bbox 927 1089 1051 1176; x_wconf 87' lang='lat' dir='ltr'>regulas</span> <span class='ocrx_word' id='word_1_50' title='bbox 1074 1087 1272 1179; x_wconf 88' lang='lat' dir='ltr'>delinquitur,</span> <span class='ocrx_word' id='word_1_51' title='bbox 1297 1089 1477 1157; x_wconf 89' lang='lat' dir='ltr'>emendare.</span> <span class='ocrx_word' id='word_1_52' title='bbox 1519 1091 1618 1157; x_wconf 90' lang='lat' dir='ltr'>Tam·</span> 
     </span>
     <span class='ocr_line' id='line_1_7' title="bbox 355 1174 1616 1264; baseline 0.002 -22"><span class='ocrx_word' id='word_1_53' title='bbox 355 1199 449 1263; x_wconf 89' lang='lat' dir='ltr'>quam</span> <span class='ocrx_word' id='word_1_54' title='bbox 477 1174 602 1242; x_wconf 87' lang='lat' dir='ltr'>iudicati</span> <span class='ocrx_word' id='word_1_55' title='bbox 630 1179 759 1242; x_wconf 77' lang='lat' dir='ltr'>tratres³</span> <span class='ocrx_word' id='word_1_56' title='bbox 785 1174 949 1257; x_wconf 84' lang='lat' dir='ltr'>habentur,</span> <span class='ocrx_word' id='word_1_57' title='bbox 978 1188 1013 1244; x_wconf 91' lang='lat' dir='ltr'>ut</span> <span class='ocrx_word' id='word_1_58' title='bbox 1040 1177 1207 1264; x_wconf 90' lang='lat' dir='ltr'>unicuique</span> <span class='ocrx_word' id='word_1_59' title='bbox 1235 1175 1324 1244; x_wconf 90' lang='lat' dir='ltr'>liceat</span> <span class='ocrx_word' id='word_1_60' title='bbox 1352 1179 1483 1264; x_wconf 90' lang='lat' dir='ltr'>impune</span> <span class='ocrx_word' id='word_1_61' title='bbox 1507 1190 1616 1246; x_wconf 90' lang='lat' dir='ltr'>contra</span> 
     </span>
     <span class='ocr_line' id='line_1_8' title="bbox 355 1262 1617 1350; baseline 0.002 -23"><span class='ocrx_word' id='word_1_62' title='bbox 355 1264 451 1349; x_wconf 91' lang='lat' dir='ltr'>ipsos,</span> <span class='ocrx_word' id='word_1_63' title='bbox 474 1285 536 1350; x_wconf 92' lang='lat' dir='ltr'>que</span> <span class='ocrx_word' id='word_1_64' title='bbox 553 1263 633 1330; x_wconf 90' lang='lat' dir='ltr'>clam</span> <span class='ocrx_word' id='word_1_65' title='bbox 657 1262 931 1329; x_wconf 85' lang='lat' dir='ltr'>subministrantur</span> <span class='ocrx_word' id='word_1_66' title='bbox 946 1275 994 1330; x_wconf 89' lang='lat' dir='ltr'>set</span> <span class='ocrx_word' id='word_1_67' title='bbox 1017 1263 1118 1350; x_wconf 90' lang='lat' dir='ltr'>palam</span> <span class='ocrx_word' id='word_1_68' title='bbox 1137 1264 1300 1344; x_wconf 84' lang='lat' dir='ltr'>iaciuntur,</span> <span class='ocrx_word' id='word_1_69' title='bbox 1323 1263 1441 1350; x_wconf 90' lang='lat' dir='ltr'>spicula</span> <span class='ocrx_word' id='word_1_70' title='bbox 1457 1264 1497 1330; x_wconf 91' lang='lat' dir='ltr'>de</span> <span class='ocrx_word' id='word_1_71' title='bbox 1517 1277 1617 1331; x_wconf 90' lang='lat' dir='ltr'>matre</span> 
     </span>
     <span class='ocr_line' id='line_1_9' title="bbox 354 1348 1617 1436; baseline 0.002 -22"><span class='ocrx_word' id='word_1_72' title='bbox 354 1348 498 1435; x_wconf 89' lang='lat' dir='ltr'>pharetra</span> <span class='ocrx_word' id='word_1_73' title='bbox 514 1369 717 1436; x_wconf 90' lang='lat' dir='ltr'>promovere.</span> <span class='ocrx_word' id='word_1_74' title='bbox 748 1348 1033 1416; x_wconf 87' lang='lat' dir='ltr'>Excommunicant</span> <span class='ocrx_word' id='word_1_75' title='bbox 1049 1351 1324 1430; x_wconf 87' lang='lat' dir='ltr'>excommunicati,</span> <span class='ocrx_word' id='word_1_76' title='bbox 1341 1349 1515 1436; x_wconf 85' lang='lat' dir='ltr'>dampnant</span> <span class='ocrx_word' id='word_1_77' title='bbox 1530 1350 1617 1417; x_wconf 90' lang='lat' dir='ltr'>dam-</span> 
     </span>
     <span class='ocr_line' id='line_1_10' title="bbox 355 1433 1618 1524; baseline 0.001 -22"><span class='ocrx_word' id='word_1_78' title='bbox 355 1436 451 1522; x_wconf 91' lang='lat' dir='ltr'>pnati,</span> <span class='ocrx_word' id='word_1_79' title='bbox 475 1435 650 1502; x_wconf 91' lang='lat' dir='ltr'>moliuntur</span> <span class='ocrx_word' id='word_1_80' title='bbox 673 1433 801 1502; x_wconf 90' lang='lat' dir='ltr'>vulnera</span> <span class='ocrx_word' id='word_1_81' title='bbox 823 1436 959 1502; x_wconf 89' lang='lat' dir='ltr'>sauciati.</span> <span class='ocrx_word' id='word_1_82' title='bbox 998 1435 1098 1522; x_wconf 89' lang='lat' dir='ltr'>Spero</span> <span class='ocrx_word' id='word_1_83' title='bbox 1121 1442 1246 1502; x_wconf 87' lang='lat' dir='ltr'>autem⁴</span> <span class='ocrx_word' id='word_1_84' title='bbox 1269 1437 1342 1502; x_wconf 93' lang='lat' dir='ltr'>Deo</span> <span class='ocrx_word' id='word_1_85' title='bbox 1364 1437 1504 1524; x_wconf 91' lang='lat' dir='ltr'>propitio</span> <span class='ocrx_word' id='word_1_86' title='bbox 1526 1436 1618 1503; x_wconf 92' lang='lat' dir='ltr'>vobis</span> 
     </span>
     <span class='ocr_line' id='line_1_11' title="bbox 355 1520 1618 1611; baseline 0.002 -23"><span class='ocrx_word' id='word_1_87' title='bbox 355 1521 605 1609; x_wconf 90' lang='lat' dir='ltr'>suffragantibus,</span> <span class='ocrx_word' id='word_1_88' title='bbox 629 1520 716 1610; x_wconf 92' lang='lat' dir='ltr'>quod</span> <span class='ocrx_word' id='word_1_89' title='bbox 734 1520 880 1609; x_wconf 92' lang='lat' dir='ltr'>peribunt</span> <span class='ocrx_word' id='word_1_90' title='bbox 896 1521 1013 1610; x_wconf 89' lang='lat' dir='ltr'>gladio,</span> <span class='ocrx_word' id='word_1_91' title='bbox 1036 1523 1088 1611; x_wconf 94' lang='lat' dir='ltr'>qui</span> <span class='ocrx_word' id='word_1_92' title='bbox 1103 1521 1242 1609; x_wconf 85' lang='lat' dir='ltr'>gladium</span> <span class='ocrx_word' id='word_1_93' title='bbox 1265 1536 1464 1610; x_wconf 88' lang='lat' dir='ltr'>acceperunt.</span> <span class='ocrx_word' id='word_1_94' title='bbox 1503 1525 1618 1590; x_wconf 92' lang='lat' dir='ltr'>Hono·</span> 
     </span>
     <span class='ocr_line' id='line_1_12' title="bbox 354 1608 1617 1698; baseline 0.002 -22"><span class='ocrx_word' id='word_1_95' title='bbox 354 1609 499 1677; x_wconf 83' lang='lat' dir='ltr'>rabilibus</span> <span class='ocrx_word' id='word_1_96' title='bbox 523 1608 713 1677; x_wconf 89' lang='lat' dir='ltr'>dominis..</span> <span class='ocrx_word' id='word_1_97' title='bbox 735 1611 898 1698; x_wconf 91' lang='lat' dir='ltr'>preposito</span> <span class='ocrx_word' id='word_1_98' title='bbox 922 1622 1002 1678; x_wconf 91' lang='lat' dir='ltr'>et..</span> <span class='ocrx_word' id='word_1_99' title='bbox 1025 1609 1146 1677; x_wconf 90' lang='lat' dir='ltr'>decano</span> <span class='ocrx_word' id='word_1_100' title='bbox 1170 1612 1278 1698; x_wconf 90' lang='lat' dir='ltr'>scripsi</span> <span class='ocrx_word' id='word_1_101' title='bbox 1301 1609 1412 1678; x_wconf 92' lang='lat' dir='ltr'>breves</span> <span class='ocrx_word' id='word_1_102' title='bbox 1435 1609 1553 1678; x_wconf 84' lang='lat' dir='ltr'>litteras</span> <span class='ocrx_word' id='word_1_103' title='bbox 1577 1611 1617 1678; x_wconf 90' lang='lat' dir='ltr'>de</span> 
     </span>
     <span class='ocr_line' id='line_1_13' title="bbox 354 1697 1617 1786; baseline 0 -20"><span class='ocrx_word' id='word_1_104' title='bbox 354 1697 506 1786; x_wconf 85' lang='lat' dir='ltr'>capitulo,</span> <span class='ocrx_word' id='word_1_105' title='bbox 534 1698 642 1766; x_wconf 89' lang='lat' dir='ltr'>animo</span> <span class='ocrx_word' id='word_1_106' title='bbox 667 1751 674 1766; x_wconf 91' lang='lat'><strong>.</strong></span> <span class='ocrx_word' id='word_1_107' title='bbox 700 1750 707 1766; x_wconf 93' lang='lat'><strong>.</strong></span> <span class='ocrx_word' id='word_1_108' title='bbox 733 1751 740 1766; x_wconf 89' lang='lat'><strong>.</strong></span> <span class='ocrx_word' id='word_1_109' title='bbox 764 1698 935 1785; x_wconf 89' lang='lat' dir='ltr'>plurimum</span> <span class='ocrx_word' id='word_1_110' title='bbox 963 1709 1143 1786; x_wconf 90' lang='lat' dir='ltr'>occupatus.</span> <span class='ocrx_word' id='word_1_111' title='bbox 1194 1698 1271 1765; x_wconf 90' lang='lat' dir='ltr'>Post</span> <span class='ocrx_word' id='word_1_112' title='bbox 1300 1699 1371 1765; x_wconf 94' lang='lat' dir='ltr'>misi</span> <span class='ocrx_word' id='word_1_113' title='bbox 1402 1698 1519 1767; x_wconf 91' lang='lat' dir='ltr'>litteras</span> <span class='ocrx_word' id='word_1_114' title='bbox 1548 1702 1617 1767; x_wconf 90' lang='lat' dir='ltr'>uni·</span> 
     </span>
     <span class='ocr_line' id='line_1_14' title="bbox 353 1785 1616 1875; baseline 0 -22"><span class='ocrx_word' id='word_1_115' title='bbox 353 1787 451 1853; x_wconf 90' lang='lat' dir='ltr'>versis</span> <span class='ocrx_word' id='word_1_116' title='bbox 478 1787 621 1873; x_wconf 91' lang='lat' dir='ltr'>ipsorum</span> <span class='ocrx_word' id='word_1_117' title='bbox 651 1785 795 1874; x_wconf 88' lang='lat' dir='ltr'>querelis,</span> <span class='ocrx_word' id='word_1_118' title='bbox 826 1797 921 1873; x_wconf 92' lang='lat' dir='ltr'>prout</span> <span class='ocrx_word' id='word_1_119' title='bbox 943 1785 1042 1867; x_wconf 69' lang='lat' dir='ltr'>fieril,</span> <span class='ocrx_word' id='word_1_120' title='bbox 1073 1785 1303 1873; x_wconf 89' lang='lat' dir='ltr'>respondentes</span> <span class='ocrx_word' id='word_1_121' title='bbox 1310 1813 1318 1868; x_wconf 91' lang='lat'>;</span> <span class='ocrx_word' id='word_1_122' title='bbox 1348 1788 1374 1854; x_wconf 93' lang='lat' dir='ltr'>si</span> <span class='ocrx_word' id='word_1_123' title='bbox 1397 1809 1464 1853; x_wconf 92' lang='lat' dir='ltr'>non</span> <span class='ocrx_word' id='word_1_124' title='bbox 1487 1810 1616 1875; x_wconf 90' lang='lat' dir='ltr'>presen-</span> 
     </span>
     <span class='ocr_line' id='line_1_15' title="bbox 353 1871 1616 1962; baseline 0.001 -22"><span class='ocrx_word' id='word_1_125' title='bbox 353 1885 498 1942; x_wconf 89' lang='lat' dir='ltr'>taverunt</span> <span class='ocrx_word' id='word_1_126' title='bbox 521 1896 572 1940; x_wconf 89' lang='lat' dir='ltr'>eas</span> <span class='ocrx_word' id='word_1_127' title='bbox 595 1871 714 1957; x_wconf 89' lang='lat' dir='ltr'>fratres,</span> <span class='ocrx_word' id='word_1_128' title='bbox 745 1885 869 1961; x_wconf 89' lang='lat' dir='ltr'>reputo,</span> <span class='ocrx_word' id='word_1_129' title='bbox 898 1873 984 1962; x_wconf 93' lang='lat' dir='ltr'>quod</span> <span class='ocrx_word' id='word_1_130' title='bbox 1007 1896 1066 1962; x_wconf 91' lang='lat' dir='ltr'>pro</span> <span class='ocrx_word' id='word_1_131' title='bbox 1089 1872 1264 1941; x_wconf 89' lang='lat' dir='ltr'>humilitate</span> <span class='ocrx_word' id='word_1_132' title='bbox 1287 1872 1484 1941; x_wconf 88' lang='lat' dir='ltr'>dimiserunt.</span> <span class='ocrx_word' id='word_1_133' title='bbox 1530 1874 1616 1941; x_wconf 89' lang='lat' dir='ltr'>Alias</span> 
     </span>
     <span class='ocr_line' id='line_1_16' title="bbox 354 1959 1614 2050; baseline 0.001 -22"><span class='ocrx_word' id='word_1_134' title='bbox 354 1959 486 2029; x_wconf 89' lang='lat' dir='ltr'>dilectus</span> <span class='ocrx_word' id='word_1_135' title='bbox 509 1959 602 2027; x_wconf 92' lang='lat' dir='ltr'>nobis</span> <span class='ocrx_word' id='word_1_136' title='bbox 626 2013 633 2028; x_wconf 87' lang='lat'><strong>.</strong></span> <span class='ocrx_word' id='word_1_137' title='bbox 659 2013 666 2028; x_wconf 88' lang='lat'>.</span> <span class='ocrx_word' id='word_1_138' title='bbox 690 1962 777 2049; x_wconf 92' lang='lat' dir='ltr'>prior</span> <span class='ocrx_word' id='word_1_139' title='bbox 799 1960 974 2029; x_wconf 88' lang='lat' dir='ltr'>antedictus</span> <span class='ocrx_word' id='word_1_140' title='bbox 997 1960 1088 2030; x_wconf 94' lang='lat' dir='ltr'>vobis</span> <span class='ocrx_word' id='word_1_141' title='bbox 1110 1959 1215 2048; x_wconf 89' lang='lat' dir='ltr'>legere</span> <span class='ocrx_word' id='word_1_142' title='bbox 1238 1963 1355 2048; x_wconf 83' lang='lat' dir='ltr'>poterit</span> <span class='ocrx_word' id='word_1_143' title='bbox 1377 1962 1556 2050; x_wconf 89' lang='lat' dir='ltr'>requisitus,</span> <span class='ocrx_word' id='word_1_144' title='bbox 1580 1973 1614 2029; x_wconf 89' lang='lat' dir='ltr'>ut</span> 
     </span>
    </p>

    <p class='ocr_par' dir='ltr' id='par_1_3' title="bbox 264 2047 1616 2308">
     <span class='ocr_line' id='line_1_17' title="bbox 297 2047 1616 2136; baseline 0 -22"><span class='ocrx_word' id='word_1_145' title='bbox 297 2071 299 2074; x_wconf 87' lang='lat'>·</span> <span class='ocrx_word' id='word_1_146' title='bbox 353 2047 490 2115; x_wconf 91' lang='lat' dir='ltr'>iudicare</span> <span class='ocrx_word' id='word_1_147' title='bbox 519 2049 658 2135; x_wconf 62' lang='lat' dir='ltr'>possitis*</span> <span class='ocrx_word' id='word_1_148' title='bbox 673 2049 785 2115; x_wconf 89' lang='lat' dir='ltr'>merita</span> <span class='ocrx_word' id='word_1_149' title='bbox 812 2071 974 2115; x_wconf 89' lang='lat' dir='ltr'>causarum</span> <span class='ocrx_word' id='word_1_150' title='bbox 1006 2071 1043 2114; x_wconf 86' lang='lat' dir='ltr'>ex</span> <span class='ocrx_word' id='word_1_151' title='bbox 1070 2049 1210 2135; x_wconf 87' lang='lat' dir='ltr'>parcium</span> <span class='ocrx_word' id='word_1_152' title='bbox 1239 2050 1428 2115; x_wconf 89' lang='lat' dir='ltr'>assercione.</span> <span class='ocrx_word' id='word_1_153' title='bbox 1482 2049 1616 2136; x_wconf 87' lang='lat' dir='ltr'>Semper</span> 
     </span>
     <span class='ocr_line' id='line_1_18' title="bbox 264 2133 1613 2223; baseline 0 -22"><span class='ocrx_word' id='word_1_154' title='bbox 264 2217 265 2220; x_wconf 8' lang='grc' dir='ltr'><strong>Ἴ</strong></span> <span class='ocrx_word' id='word_1_155' title='bbox 354 2133 434 2201; x_wconf 91' lang='lat' dir='ltr'>bene</span> <span class='ocrx_word' id='word_1_156' title='bbox 463 2133 564 2203; x_wconf 90' lang='lat' dir='ltr'>valeat</span> <span class='ocrx_word' id='word_1_157' title='bbox 592 2153 695 2202; x_wconf 91' lang='lat' dir='ltr'>vestra</span> <span class='ocrx_word' id='word_1_158' title='bbox 723 2135 892 2222; x_wconf 90' lang='lat' dir='ltr'>paternitas</span> <span class='ocrx_word' id='word_1_159' title='bbox 919 2157 975 2222; x_wconf 92' lang='lat' dir='ltr'>per</span> <span class='ocrx_word' id='word_1_160' title='bbox 1002 2154 1146 2223; x_wconf 88' lang='lat' dir='ltr'>tempora</span> <span class='ocrx_word' id='word_1_161' title='bbox 1175 2135 1321 2223; x_wconf 86' lang='lat' dir='ltr'>longiora</span> <span class='ocrx_word' id='word_1_162' title='bbox 1352 2155 1382 2202; x_wconf 92' lang='lat' dir='ltr'>et</span> <span class='ocrx_word' id='word_1_163' title='bbox 1410 2134 1463 2202; x_wconf 92' lang='lat' dir='ltr'>fiat</span> <span class='ocrx_word' id='word_1_164' title='bbox 1491 2135 1613 2202; x_wconf 83' lang='lat' dir='ltr'>dierum</span> 
     </span>
     <span class='ocr_line' id='line_1_19' title="bbox 353 2219 705 2308; baseline 0.006 -22"><span class='ocrx_word' id='word_1_165' title='bbox 353 2219 489 2288; x_wconf 88' lang='lat' dir='ltr'>adiectio</span> <span class='ocrx_word' id='word_1_166' title='bbox 507 2243 606 2308; x_wconf 90' lang='lat' dir='ltr'>super</span> <span class='ocrx_word' id='word_1_167' title='bbox 629 2220 705 2288; x_wconf 87' lang='lat' dir='ltr'>dies.</span> 
     </span>
    </p>
   </div>
   <div class='ocr_carea' id='block_1_3' title="bbox 354 2347 670 2356">
    <p class='ocr_par' dir='ltr' id='par_1_4' title="bbox 354 2347 670 2356">
     <span class='ocr_line' id='line_1_20' title="bbox 354 2347 670 2356; baseline -0.003 -1"><span class='ocrx_word' id='word_1_168' title='bbox 354 2347 597 2356; x_wconf 44' lang='grc' dir='ltr'><strong><em>...Ψ-η...-</em></strong></span> <span class='ocrx_word' id='word_1_169' title='bbox 609 2347 670 2354; x_wconf 71' lang='grc'><em>...-</em></span> 
     </span>
    </p>
   </div>
   <div class='ocr_carea' id='block_1_4' title="bbox 353 2349 1615 2536">
    <p class='ocr_par' dir='ltr' id='par_1_5' title="bbox 353 2349 1615 2536">
     <span class='ocr_line' id='line_1_21' title="bbox 449 2349 1615 2466; baseline 0 -18"><span class='ocrx_word' id='word_1_170' title='bbox 449 2401 471 2458; x_wconf 51' lang='grc' dir='ltr'><strong>Ἃ</strong></span> <span class='ocrx_word' id='word_1_171' title='bbox 489 2393 568 2448; x_wconf 88' lang='lat' dir='ltr'>fratre</span> <span class='ocrx_word' id='word_1_172' title='bbox 587 2349 639 2448; x_wconf 78' lang='lat' dir='ltr'>llS,</span> <span class='ocrx_word' id='word_1_173' title='bbox 705 2394 820 2448; x_wconf 67' lang='lat' dir='ltr'>”Kaum</span> <span class='ocrx_word' id='word_1_174' title='bbox 834 2393 928 2448; x_wconf 87' lang='lat' dir='ltr'>anders</span> <span class='ocrx_word' id='word_1_175' title='bbox 940 2413 972 2448; x_wconf 90' lang='lat' dir='ltr'>zu</span> <span class='ocrx_word' id='word_1_176' title='bbox 985 2368 1067 2450; x_wconf 86' lang='lat' dir='ltr'>lesen.</span> <span class='ocrx_word' id='word_1_177' title='bbox 1134 2394 1280 2466; x_wconf 75' lang='lat' dir='ltr'>³¹Doppelt</span> <span class='ocrx_word' id='word_1_178' title='bbox 1292 2394 1344 2448; x_wconf 86' lang='lat' dir='ltr'>HS.</span> <span class='ocrx_word' id='word_1_179' title='bbox 1417 2393 1615 2464; x_wconf 71' lang='lat' dir='ltr'>*Folgtitber-</span> 
     </span>
     <span class='ocr_line' id='line_1_22' title="bbox 353 2462 755 2536; baseline 0.005 -18"><span class='ocrx_word' id='word_1_180' title='bbox 353 2464 446 2536; x_wconf 76' lang='lat' dir='ltr'>titissig</span> <span class='ocrx_word' id='word_1_181' title='bbox 465 2462 544 2536; x_wconf 91' lang='lat' dir='ltr'>quod.</span> <span class='ocrx_word' id='word_1_182' title='bbox 617 2464 684 2518; x_wconf 76' lang='lat'>⁵80</span> <span class='ocrx_word' id='word_1_183' title='bbox 702 2464 755 2522; x_wconf 86' lang='lat' dir='ltr'>HS.</span> 
     </span>
    </p>
   </div>
   <div class='ocr_carea' id='block_1_5' title="bbox 459 2621 1010 2830">
    <p class='ocr_par' dir='ltr' id='par_1_6' title="bbox 459 2621 1010 2830">
     <span class='ocr_line' id='line_1_23' title="bbox 459 2621 623 2694; baseline 0 -16"><span class='ocrx_word' id='word_1_184' title='bbox 459 2622 515 2678; x_wconf 88' lang='lat' dir='ltr'>Ful.</span> <span class='ocrx_word' id='word_1_185' title='bbox 538 2637 586 2694; x_wconf 88' lang='lat'>147</span> <span class='ocrx_word' id='word_1_186' title='bbox 606 2621 623 2678; x_wconf 85' lang='lat' dir='ltr'>i.</span> 
     </span>
     <span class='ocr_line' id='line_1_24' title="bbox 960 2761 1010 2830; baseline 0 -1"><span class='ocrx_word' id='word_1_187' title='bbox 960 2761 1010 2830; x_wconf 78' lang='lat'>93.</span> 
     </span>
    </p>
   </div>
   <div class='ocr_carea' id='block_1_6' title="bbox 355 2897 1612 3078">
    <p class='ocr_par' dir='ltr' id='par_1_7' title="bbox 355 2897 1612 3078">
     <span class='ocr_line' id='line_1_25' title="bbox 355 2897 1612 3078; baseline -0.002 -111"><span class='ocrx_word' id='word_1_188' title='bbox 355 2985 374 3075; x_wconf 74' lang='lat'><em>(</em></span> <span class='ocrx_word' id='word_1_189' title='bbox 413 2900 637 3078; x_wconf 57' lang='lat' dir='ltr'>8gljrovirrzial</span> <span class='ocrx_word' id='word_1_190' title='bbox 652 2897 843 2991; x_wconf 83' lang='lat' dir='ltr'>(Hermann)</span> <span class='ocrx_word' id='word_1_191' title='bbox 865 2900 994 2966; x_wconf 82' lang='lat' dir='ltr'>schreibt</span> <span class='ocrx_word' id='word_1_192' title='bbox 1012 2922 1053 2966; x_wconf 90' lang='lat' dir='ltr'>an</span> <span class='ocrx_word' id='word_1_193' title='bbox 1076 2903 1159 2966; x_wconf 80' lang='lat' dir='ltr'>einen</span> <span class='ocrx_word' id='word_1_194' title='bbox 1176 2899 1265 2966; x_wconf 82' lang='lat' dir='ltr'>Prior</span> <span class='ocrx_word' id='word_1_195' title='bbox 1288 2899 1361 2965; x_wconf 84' lang='lat' dir='ltr'>iiber</span> <span class='ocrx_word' id='word_1_196' title='bbox 1383 2901 1467 2966; x_wconf 84' lang='lat' dir='ltr'>einen</span> <span class='ocrx_word' id='word_1_197' title='bbox 1484 2898 1612 2964; x_wconf 82' lang='lat' dir='ltr'>Bruder.</span> 
     </span>
     <span class='ocr_line' id='line_1_26' title="bbox 372 3006 809 3054; baseline -0.002 0"><span class='ocrx_word' id='word_1_198' title='bbox 372 3007 410 3054; x_wconf 83' lang='lat'>12</span> <span class='ocrx_word' id='word_1_199' title='bbox 459 3040 465 3053; x_wconf 95' lang='lat'><strong><em>.</em></strong></span> <span class='ocrx_word' id='word_1_200' title='bbox 808 3006 809 3010; x_wconf 72' lang='grc'>’</span> 
     </span>
    </p>
   </div>
   <div class='ocr_carea' id='block_1_7' title="bbox 249 3106 1618 4764">
    <p class='ocr_par' dir='ltr' id='par_1_8' title="bbox 267 3106 1618 3800">
     <span class='ocr_line' id='line_1_27' title="bbox 428 3106 1610 3200; baseline -0.003 -26"><span class='ocrx_word' id='word_1_201' title='bbox 428 3187 433 3200; x_wconf 21' lang='grc' dir='ltr'><em>ὁ</em></span> <span class='ocrx_word' id='word_1_202' title='bbox 461 3161 468 3175; x_wconf 93' lang='grc'><strong>.</strong></span> <span class='ocrx_word' id='word_1_203' title='bbox 486 3143 495 3174; x_wconf 91' lang='grc'>.·</span> <span class='ocrx_word' id='word_1_204' title='bbox 510 3109 621 3189; x_wconf 91' lang='lat' dir='ltr'>Priori,</span> <span class='ocrx_word' id='word_1_205' title='bbox 639 3107 804 3196; x_wconf 92' lang='lat' dir='ltr'>quomodo</span> <span class='ocrx_word' id='word_1_206' title='bbox 818 3119 927 3174; x_wconf 86' lang='lat' dir='ltr'>tenere</span> <span class='ocrx_word' id='word_1_207' title='bbox 940 3107 1032 3175; x_wconf 91' lang='lat' dir='ltr'>debet</span> <span class='ocrx_word' id='word_1_208' title='bbox 1047 3107 1175 3174; x_wconf 90' lang='lat' dir='ltr'>fratrem</span> <span class='ocrx_word' id='word_1_209' title='bbox 1192 3126 1384 3194; x_wconf 89' lang='lat' dir='ltr'>suspectum,</span> <span class='ocrx_word' id='word_1_210' title='bbox 1400 3106 1610 3193; x_wconf 87' lang='lat' dir='ltr'>provincialis.</span> 
     </span>
     <span class='ocr_line' id='line_1_28' title="bbox 354 3194 1613 3286; baseline -0.003 -24"><span class='ocrx_word' id='word_1_211' title='bbox 354 3196 506 3278; x_wconf 87' lang='lat' dir='ltr'>Fratrem,</span> <span class='ocrx_word' id='word_1_212' title='bbox 536 3218 632 3286; x_wconf 92' lang='lat' dir='ltr'>quem</span> <span class='ocrx_word' id='word_1_213' title='bbox 656 3195 727 3262; x_wconf 92' lang='lat' dir='ltr'>misi</span> <span class='ocrx_word' id='word_1_214' title='bbox 755 3217 814 3282; x_wconf 92' lang='lat' dir='ltr'>pro</span> <span class='ocrx_word' id='word_1_215' title='bbox 838 3194 930 3262; x_wconf 89' lang='lat' dir='ltr'>fratre</span> <span class='ocrx_word' id='word_1_216' title='bbox 956 3197 988 3260; x_wconf 92' lang='lat' dir='ltr'>in</span> <span class='ocrx_word' id='word_1_217' title='bbox 1012 3208 1172 3262; x_wconf 91' lang='lat' dir='ltr'>conventu</span> <span class='ocrx_word' id='word_1_218' title='bbox 1195 3206 1302 3260; x_wconf 88' lang='lat' dir='ltr'>vestro</span> <span class='ocrx_word' id='word_1_219' title='bbox 1333 3205 1541 3274; x_wconf 90' lang='lat' dir='ltr'>moraturum,</span> <span class='ocrx_word' id='word_1_220' title='bbox 1568 3195 1613 3259; x_wconf 90' lang='lat' dir='ltr'>sic</span> 
     </span>
     <span class='ocr_line' id='line_1_29' title="bbox 354 3278 1613 3370; baseline -0.002 -21"><span class='ocrx_word' id='word_1_221' title='bbox 354 3283 455 3351; x_wconf 89' lang='lat' dir='ltr'>teneri</span> <span class='ocrx_word' id='word_1_222' title='bbox 469 3281 557 3364; x_wconf 94' lang='lat' dir='ltr'>volo,</span> <span class='ocrx_word' id='word_1_223' title='bbox 580 3294 615 3349; x_wconf 93' lang='lat' dir='ltr'>ut</span> <span class='ocrx_word' id='word_1_224' title='bbox 638 3305 705 3348; x_wconf 91' lang='lat' dir='ltr'>non</span> <span class='ocrx_word' id='word_1_225' title='bbox 726 3279 866 3370; x_wconf 87' lang='lat' dir='ltr'>predicet</span> <span class='ocrx_word' id='word_1_226' title='bbox 886 3305 989 3370; x_wconf 88' lang='lat' dir='ltr'>neque</span> <span class='ocrx_word' id='word_1_227' title='bbox 1006 3280 1225 3349; x_wconf 86' lang='lat' dir='ltr'>confessiones</span> <span class='ocrx_word' id='word_1_228' title='bbox 1248 3278 1362 3361; x_wconf 88' lang='lat' dir='ltr'>audiat,</span> <span class='ocrx_word' id='word_1_229' title='bbox 1386 3282 1457 3370; x_wconf 90' lang='lat' dir='ltr'>quia</span> <span class='ocrx_word' id='word_1_230' title='bbox 1479 3281 1539 3347; x_wconf 91' lang='lat' dir='ltr'>hec</span> <span class='ocrx_word' id='word_1_231' title='bbox 1555 3279 1613 3346; x_wconf 89' lang='lat' dir='ltr'>sibi</span> 
     </span>
     <span class='ocr_line' id='line_1_30' title="bbox 267 3368 1618 3457; baseline -0.003 -19"><span class='ocrx_word' id='word_1_232' title='bbox 267 3433 269 3438; x_wconf 81' lang='grc'>,</span> <span class='ocrx_word' id='word_1_233' title='bbox 355 3369 460 3436; x_wconf 87' lang='lat' dir='ltr'>officia</span> <span class='ocrx_word' id='word_1_234' title='bbox 478 3383 550 3436; x_wconf 66' lang='lat' dir='ltr'>‘non</span> <span class='ocrx_word' id='word_1_235' title='bbox 580 3371 648 3437; x_wconf 91' lang='lat' dir='ltr'>sine</span> <span class='ocrx_word' id='word_1_236' title='bbox 670 3371 789 3436; x_wconf 88' lang='lat' dir='ltr'>incuria</span> <span class='ocrx_word' id='word_1_237' title='bbox 812 3368 954 3436; x_wconf 90' lang='lat' dir='ltr'>hactinus</span> <span class='ocrx_word' id='word_1_238' title='bbox 977 3387 1050 3436; x_wconf 91' lang='lat' dir='ltr'>sunt</span> <span class='ocrx_word' id='word_1_239' title='bbox 1073 3371 1224 3457; x_wconf 91' lang='lat' dir='ltr'>permissa</span> <span class='ocrx_word' id='word_1_240' title='bbox 1246 3369 1297 3436; x_wconf 90' lang='lat' dir='ltr'>vel</span> <span class='ocrx_word' id='word_1_241' title='bbox 1324 3369 1445 3455; x_wconf 90' lang='lat' dir='ltr'>pocius,</span> <span class='ocrx_word' id='word_1_242' title='bbox 1470 3392 1542 3434; x_wconf 92' lang='lat' dir='ltr'>cum</span> <span class='ocrx_word' id='word_1_243' title='bbox 1566 3390 1618 3434; x_wconf 81' lang='lat' dir='ltr'>re—</span> 
     </span>
     <span class='ocr_line' id='line_1_31' title="bbox 355 3454 1612 3543; baseline -0.003 -20"><span class='ocrx_word' id='word_1_244' title='bbox 355 3459 479 3524; x_wconf 91' lang='lat' dir='ltr'>strictus</span> <span class='ocrx_word' id='word_1_245' title='bbox 503 3469 596 3539; x_wconf 90' lang='lat' dir='ltr'>esset,</span> <span class='ocrx_word' id='word_1_246' title='bbox 620 3455 657 3524; x_wconf 87' lang='lat' dir='ltr'>ab</span> <span class='ocrx_word' id='word_1_247' title='bbox 680 3458 690 3523; x_wconf 96' lang='lat' dir='ltr'>i</span> <span class='ocrx_word' id='word_1_248' title='bbox 713 3479 750 3522; x_wconf 90' lang='lat' dir='ltr'>so</span> <span class='ocrx_word' id='word_1_249' title='bbox 773 3467 894 3523; x_wconf 90' lang='lat' dir='ltr'>temere</span> <span class='ocrx_word' id='word_1_250' title='bbox 916 3468 1071 3543; x_wconf 88' lang='lat' dir='ltr'>usurpata.</span> <span class='ocrx_word' id='word_1_251' title='bbox 1111 3457 1194 3523; x_wconf 91' lang='lat' dir='ltr'>Cum</span> <span class='ocrx_word' id='word_1_252' title='bbox 1211 3458 1369 3522; x_wconf 89' lang='lat' dir='ltr'>venissem</span> <span class='ocrx_word' id='word_1_253' title='bbox 1393 3457 1425 3520; x_wconf 93' lang='lat' dir='ltr'>in</span> <span class='ocrx_word' id='word_1_254' title='bbox 1441 3454 1612 3542; x_wconf 88' lang='lat' dir='ltr'>Erbipolim</span> 
     </span>
     <span class='ocr_line' id='line_1_32' title="bbox 354 3481 1615 3630; baseline -0.002 -20"><span class='ocrx_word' id='word_1_255' title='bbox 354 3542 455 3610; x_wconf 90' lang='lat' dir='ltr'>semel</span> <span class='ocrx_word' id='word_1_256' title='bbox 477 3545 645 3610; x_wconf 88' lang='lat' dir='ltr'>etiterum</span> <span class='ocrx_word' id='word_1_257' title='bbox 675 3481 762 3630; x_wconf 85' lang='lat' dir='ltr'>plura</span> <span class='ocrx_word' id='word_1_258' title='bbox 786 3542 824 3609; x_wconf 92' lang='lat' dir='ltr'>de</span> <span class='ocrx_word' id='word_1_259' title='bbox 855 3545 925 3630; x_wconf 89' lang='lat' dir='ltr'>ipso</span> <span class='ocrx_word' id='word_1_260' title='bbox 949 3543 1051 3610; x_wconf 92' lang='lat' dir='ltr'>audivi</span> <span class='ocrx_word' id='word_1_261' title='bbox 1074 3544 1345 3622; x_wconf 85' lang='lat' dir='ltr'>inconveniencia,</span> <span class='ocrx_word' id='word_1_262' title='bbox 1374 3543 1510 3629; x_wconf 89' lang='lat' dir='ltr'>corripui</span> <span class='ocrx_word' id='word_1_263' title='bbox 1533 3543 1615 3608; x_wconf 90' lang='lat' dir='ltr'>inter</span> 
     </span>
     <span class='ocr_line' id='line_1_33' title="bbox 355 3627 1615 3718; baseline -0.003 -22"><span class='ocrx_word' id='word_1_264' title='bbox 355 3653 407 3696; x_wconf 91' lang='lat' dir='ltr'>me</span> <span class='ocrx_word' id='word_1_265' title='bbox 432 3642 463 3698; x_wconf 90' lang='lat' dir='ltr'>et</span> <span class='ocrx_word' id='word_1_266' title='bbox 485 3631 589 3718; x_wconf 91' lang='lat' dir='ltr'>ipsum</span> <span class='ocrx_word' id='word_1_267' title='bbox 612 3630 727 3712; x_wconf 90' lang='lat' dir='ltr'>solum,</span> <span class='ocrx_word' id='word_1_268' title='bbox 750 3629 862 3696; x_wconf 89' lang='lat' dir='ltr'>lucrari</span> <span class='ocrx_word' id='word_1_269' title='bbox 884 3631 1013 3717; x_wconf 90' lang='lat' dir='ltr'>cupiens</span> <span class='ocrx_word' id='word_1_270' title='bbox 1036 3629 1163 3696; x_wconf 87' lang='lat' dir='ltr'>fratrem</span> <span class='ocrx_word' id='word_1_271' title='bbox 1187 3653 1306 3710; x_wconf 88' lang='lat' dir='ltr'>meum,</span> <span class='ocrx_word' id='word_1_272' title='bbox 1330 3640 1378 3695; x_wconf 91' lang='lat' dir='ltr'>set</span> <span class='ocrx_word' id='word_1_273' title='bbox 1400 3627 1439 3694; x_wconf 93' lang='lat' dir='ltr'>ad</span> <span class='ocrx_word' id='word_1_274' title='bbox 1460 3650 1615 3715; x_wconf 90' lang='lat' dir='ltr'>compun-</span> 
     </span>
     <span class='ocr_line' id='line_1_34' title="bbox 355 3713 1614 3800; baseline -0.002 -16"><span class='ocrx_word' id='word_1_275' title='bbox 355 3719 496 3785; x_wconf 88' lang='lat' dir='ltr'>ctionem</span> <span class='ocrx_word' id='word_1_276' title='bbox 520 3740 585 3800; x_wconf 92' lang='lat' dir='ltr'>cor,</span> <span class='ocrx_word' id='word_1_277' title='bbox 616 3717 654 3784; x_wconf 90' lang='lat' dir='ltr'>ad</span> <span class='ocrx_word' id='word_1_278' title='bbox 678 3716 913 3784; x_wconf 88' lang='lat' dir='ltr'>confessionem</span> <span class='ocrx_word' id='word_1_279' title='bbox 937 3740 1009 3799; x_wconf 82' lang='lat' dir='ltr'>vox,</span> <span class='ocrx_word' id='word_1_280' title='bbox 1039 3715 1077 3784; x_wconf 90' lang='lat' dir='ltr'>ad</span> <span class='ocrx_word' id='word_1_281' title='bbox 1100 3715 1347 3784; x_wconf 86' lang='lat' dir='ltr'>satisfactionem</span> <span class='ocrx_word' id='word_1_282' title='bbox 1371 3739 1481 3782; x_wconf 91' lang='lat' dir='ltr'>sensus</span> <span class='ocrx_word' id='word_1_283' title='bbox 1506 3713 1614 3795; x_wconf 86' lang='lat' dir='ltr'>defuit,</span> 
     </span>
    </p>

    <p class='ocr_par' dir='ltr' id='par_1_9' title="bbox 249 3801 1614 4040">
     <span class='ocr_line' id='line_1_35' title="bbox 322 3801 1614 3893; baseline -0.002 -23"><span class='ocrx_word' id='word_1_284' title='bbox 322 3876 324 3880; x_wconf 58' lang='grc'><em>,</em></span> <span class='ocrx_word' id='word_1_285' title='bbox 355 3817 387 3871; x_wconf 93' lang='lat' dir='ltr'>et</span> <span class='ocrx_word' id='word_1_286' title='bbox 408 3806 681 3893; x_wconf 67' lang='lat' dir='ltr'>tamquam&#39;pravi</span> <span class='ocrx_word' id='word_1_287' title='bbox 703 3806 807 3890; x_wconf 92' lang='lat' dir='ltr'>operis</span> <span class='ocrx_word' id='word_1_288' title='bbox 831 3805 954 3870; x_wconf 91' lang='lat' dir='ltr'>nescius</span> <span class='ocrx_word' id='word_1_289' title='bbox 976 3827 1031 3870; x_wconf 89' lang='lat' dir='ltr'>ora</span> <span class='ocrx_word' id='word_1_290' title='bbox 1054 3806 1150 3870; x_wconf 90' lang='lat' dir='ltr'>tersit.</span> <span class='ocrx_word' id='word_1_291' title='bbox 1189 3805 1266 3870; x_wconf 90' lang='lat' dir='ltr'>Post</span> <span class='ocrx_word' id='word_1_292' title='bbox 1288 3816 1469 3870; x_wconf 90' lang='lat' dir='ltr'>transeunte</span> <span class='ocrx_word' id='word_1_293' title='bbox 1493 3825 1546 3870; x_wconf 89' lang='lat' dir='ltr'>me</span> <span class='ocrx_word' id='word_1_294' title='bbox 1569 3801 1614 3869; x_wconf 90' lang='lat' dir='ltr'>di-</span> 
     </span>
     <span class='ocr_line' id='line_1_36' title="bbox 249 3889 1614 4040; baseline -0.001 -83"><span class='ocrx_word' id='word_1_295' title='bbox 249 3910 252 3918; x_wconf 84' lang='grc'><strong><em>’</em></strong></span> <span class='ocrx_word' id='word_1_296' title='bbox 353 3914 459 3958; x_wconf 89' lang='lat' dir='ltr'>versas</span> <span class='ocrx_word' id='word_1_297' title='bbox 488 3902 590 3978; x_wconf 81' lang='lat' dir='ltr'>partes</span> <span class='ocrx_word' id='word_1_298' title='bbox 618 3915 722 3959; x_wconf 93' lang='lat' dir='ltr'>rursus</span> <span class='ocrx_word' id='word_1_299' title='bbox 746 3889 856 3961; x_wconf 78' lang='lat' dir='ltr'>audivi¹</span> <span class='ocrx_word' id='word_1_300' title='bbox 872 3891 911 3957; x_wconf 92' lang='lat' dir='ltr'>de</span> <span class='ocrx_word' id='word_1_301' title='bbox 942 3893 1005 3956; x_wconf 92' lang='lat' dir='ltr'>suis</span> <span class='ocrx_word' id='word_1_302' title='bbox 1036 3890 1222 3972; x_wconf 84' lang='lat' dir='ltr'>excessibus,</span> <span class='ocrx_word' id='word_1_303' title='bbox 1254 3890 1425 3963; x_wconf 88' lang='lat' dir='ltr'>clamorem</span> <span class='ocrx_word' id='word_1_304' title='bbox 1454 3901 1486 3956; x_wconf 86' lang='lat' dir='ltr'>ct</span> <span class='ocrx_word' id='word_1_305' title='bbox 1513 3891 1614 4040; x_wconf 78' lang='lat' dir='ltr'>queri·</span> 
     </span>
    </p>

    <p class='ocr_par' dir='ltr' id='par_1_10' title="bbox 317 3973 1614 4764">
     <span class='ocr_line' id='line_1_37' title="bbox 317 3973 1611 4066; baseline -0.002 -23"><span class='ocrx_word' id='word_1_306' title='bbox 317 3993 318 3999; x_wconf 77' lang='grc'>’</span> <span class='ocrx_word' id='word_1_307' title='bbox 345 3973 498 4043; x_wconf 74' lang='lat' dir='ltr'>&#39;moniam</span> <span class='ocrx_word' id='word_1_308' title='bbox 526 3978 747 4066; x_wconf 90' lang='lat' dir='ltr'>plurimorum,</span> <span class='ocrx_word' id='word_1_309' title='bbox 778 3976 872 4057; x_wconf 91' lang='lat' dir='ltr'>unde,</span> <span class='ocrx_word' id='word_1_310' title='bbox 901 4001 972 4043; x_wconf 92' lang='lat' dir='ltr'>cum</span> <span class='ocrx_word' id='word_1_311' title='bbox 996 3977 1170 4043; x_wconf 88' lang='lat' dir='ltr'>secundum</span> <span class='ocrx_word' id='word_1_312' title='bbox 1202 3977 1450 4044; x_wconf 89' lang='lat' dir='ltr'>constituciones</span> <span class='ocrx_word' id='word_1_313' title='bbox 1481 3974 1520 4042; x_wconf 89' lang='lat' dir='ltr'>de</span> <span class='ocrx_word' id='word_1_314' title='bbox 1543 3998 1611 4041; x_wconf 88' lang='lat' dir='ltr'>eam</span> 
     </span>
     <span class='ocr_line' id='line_1_38' title="bbox 353 4061 1613 4152; baseline -0.002 -22"><span class='ocrx_word' id='word_1_315' title='bbox 353 4076 483 4152; x_wconf 93' lang='lat' dir='ltr'>propter</span> <span class='ocrx_word' id='word_1_316' title='bbox 510 4065 649 4130; x_wconf 90' lang='lat' dir='ltr'>incautas</span> <span class='ocrx_word' id='word_1_317' title='bbox 680 4063 901 4130; x_wconf 83' lang='lat' dir='ltr'>familiaritates</span> <span class='ocrx_word' id='word_1_318' title='bbox 929 4086 1037 4130; x_wconf 91' lang='lat' dir='ltr'>cavere</span> <span class='ocrx_word' id='word_1_319' title='bbox 1068 4062 1187 4130; x_wconf 91' lang='lat' dir='ltr'>ordinis</span> <span class='ocrx_word' id='word_1_320' title='bbox 1222 4063 1380 4129; x_wconf 88' lang='lat' dir='ltr'>honestati</span> <span class='ocrx_word' id='word_1_321' title='bbox 1409 4073 1440 4128; x_wconf 88' lang='lat' dir='ltr'>et</span> <span class='ocrx_word' id='word_1_322' title='bbox 1467 4061 1613 4128; x_wconf 90' lang='lat' dir='ltr'>locorum</span> 
     </span>
     <span class='ocr_line' id='line_1_39' title="bbox 354 4147 1613 4239; baseline -0.003 -22"><span class='ocrx_word' id='word_1_323' title='bbox 354 4153 552 4219; x_wconf 87' lang='lat' dir='ltr'>mutaciones</span> <span class='ocrx_word' id='word_1_324' title='bbox 582 4151 664 4239; x_wconf 87' lang='lat' dir='ltr'>apud</span> <span class='ocrx_word' id='word_1_325' title='bbox 692 4152 795 4238; x_wconf 91' lang='lat' dir='ltr'>ipsum</span> <span class='ocrx_word' id='word_1_326' title='bbox 824 4172 890 4216; x_wconf 93' lang='lat' dir='ltr'>non</span> <span class='ocrx_word' id='word_1_327' title='bbox 918 4149 1126 4237; x_wconf 87' lang='lat' dir='ltr'>profecerint,</span> <span class='ocrx_word' id='word_1_328' title='bbox 1156 4151 1196 4218; x_wconf 91' lang='lat' dir='ltr'>de</span> <span class='ocrx_word' id='word_1_329' title='bbox 1224 4163 1330 4217; x_wconf 91' lang='lat' dir='ltr'>cetero</span> <span class='ocrx_word' id='word_1_330' title='bbox 1360 4147 1501 4216; x_wconf 89' lang='lat' dir='ltr'>residens</span> <span class='ocrx_word' id='word_1_331' title='bbox 1525 4148 1613 4216; x_wconf 92' lang='lat' dir='ltr'>domi</span> 
     </span>
     <span class='ocr_line' id='line_1_40' title="bbox 324 4236 1611 4326; baseline -0.002 -22"><span class='ocrx_word' id='word_1_332' title='bbox 324 4237 327 4246; x_wconf 74' lang='grc'><em>“</em></span> <span class='ocrx_word' id='word_1_333' title='bbox 354 4238 549 4305; x_wconf 87' lang='lat' dir='ltr'>orationibus</span> <span class='ocrx_word' id='word_1_334' title='bbox 566 4239 671 4306; x_wconf 88' lang='lat' dir='ltr'>Deum</span> <span class='ocrx_word' id='word_1_335' title='bbox 689 4237 799 4326; x_wconf 90' lang='lat' dir='ltr'>placet,</span> <span class='ocrx_word' id='word_1_336' title='bbox 823 4237 916 4324; x_wconf 87' lang='lat' dir='ltr'>legat,</span> <span class='ocrx_word' id='word_1_337' title='bbox 940 4239 1063 4319; x_wconf 90' lang='lat' dir='ltr'>serviat,</span> <span class='ocrx_word' id='word_1_338' title='bbox 1086 4237 1217 4304; x_wconf 88' lang='lat' dir='ltr'>silencio</span> <span class='ocrx_word' id='word_1_339' title='bbox 1237 4236 1290 4304; x_wconf 91' lang='lat' dir='ltr'>det</span> <span class='ocrx_word' id='word_1_340' title='bbox 1311 4259 1441 4324; x_wconf 89' lang='lat' dir='ltr'>operam</span> <span class='ocrx_word' id='word_1_341' title='bbox 1458 4247 1489 4303; x_wconf 91' lang='lat' dir='ltr'>et</span> <span class='ocrx_word' id='word_1_342' title='bbox 1505 4238 1611 4325; x_wconf 90' lang='lat' dir='ltr'>quieti.</span> 
     </span>
     <span class='ocr_line' id='line_1_41' title="bbox 353 4322 1614 4415; baseline -0.003 -23"><span class='ocrx_word' id='word_1_343' title='bbox 353 4325 386 4392; x_wconf 89' lang='lat' dir='ltr'>Si</span> <span class='ocrx_word' id='word_1_344' title='bbox 402 4349 479 4394; x_wconf 89' lang='lat' dir='ltr'>vero</span> <span class='ocrx_word' id='word_1_345' title='bbox 503 4326 543 4394; x_wconf 92' lang='lat' dir='ltr'>de</span> <span class='ocrx_word' id='word_1_346' title='bbox 558 4325 705 4415; x_wconf 90' lang='lat' dir='ltr'>partibus,</span> <span class='ocrx_word' id='word_1_347' title='bbox 729 4325 781 4392; x_wconf 91' lang='lat' dir='ltr'>nbi</span> <span class='ocrx_word' id='word_1_348' title='bbox 797 4344 1001 4392; x_wconf 90' lang='lat' dir='ltr'>conversatus</span> <span class='ocrx_word' id='word_1_349' title='bbox 1024 4337 1081 4408; x_wconf 92' lang='lat' dir='ltr'>est,</span> <span class='ocrx_word' id='word_1_350' title='bbox 1105 4323 1186 4391; x_wconf 88' lang='lat' dir='ltr'>fama</span> <span class='ocrx_word' id='word_1_351' title='bbox 1209 4323 1358 4392; x_wconf 92' lang='lat' dir='ltr'>indecens</span> <span class='ocrx_word' id='word_1_352' title='bbox 1375 4322 1414 4390; x_wconf 93' lang='lat' dir='ltr'>de</span> <span class='ocrx_word' id='word_1_353' title='bbox 1437 4325 1507 4411; x_wconf 91' lang='lat' dir='ltr'>ipso</span> <span class='ocrx_word' id='word_1_354' title='bbox 1524 4346 1614 4390; x_wconf 87' lang='lat' dir='ltr'>aures</span> 
     </span>
     <span class='ocr_line' id='line_1_42' title="bbox 353 4411 1613 4502; baseline -0.006 -19"><span class='ocrx_word' id='word_1_355' title='bbox 353 4426 472 4483; x_wconf 89' lang='lat' dir='ltr'>vestras</span> <span class='ocrx_word' id='word_1_356' title='bbox 499 4416 651 4502; x_wconf 86' lang='lat' dir='ltr'>attigerit,</span> <span class='ocrx_word' id='word_1_357' title='bbox 684 4413 722 4481; x_wconf 90' lang='lat' dir='ltr'>ab</span> <span class='ocrx_word' id='word_1_358' title='bbox 755 4411 900 4498; x_wconf 88' lang='lat' dir='ltr'>indurato</span> <span class='ocrx_word' id='word_1_359' title='bbox 931 4432 962 4480; x_wconf 90' lang='lat' dir='ltr'>et</span> <span class='ocrx_word' id='word_1_360' title='bbox 990 4413 1140 4482; x_wconf 90' lang='lat' dir='ltr'>subverso</span> <span class='ocrx_word' id='word_1_361' title='bbox 1177 4414 1311 4480; x_wconf 87' lang='lat' dir='ltr'>excutite</span> <span class='ocrx_word' id='word_1_362' title='bbox 1343 4435 1455 4478; x_wconf 89' lang='lat' dir='ltr'>manus</span> <span class='ocrx_word' id='word_1_363' title='bbox 1484 4423 1613 4491; x_wconf 87' lang='lat' dir='ltr'>vestras,</span> 
     </span>
     <span class='ocr_line' id='line_1_43' title="bbox 354 4501 1613 4591; baseline -0.004 -21"><span class='ocrx_word' id='word_1_364' title='bbox 354 4505 457 4591; x_wconf 91' lang='lat' dir='ltr'>ipsum</span> <span class='ocrx_word' id='word_1_365' title='bbox 481 4501 520 4570; x_wconf 88' lang='lat' dir='ltr'>ad</span> <span class='ocrx_word' id='word_1_366' title='bbox 536 4503 632 4570; x_wconf 90' lang='lat' dir='ltr'>alium</span> <span class='ocrx_word' id='word_1_367' title='bbox 648 4502 794 4570; x_wconf 91' lang='lat' dir='ltr'>ordinem</span> <span class='ocrx_word' id='word_1_368' title='bbox 818 4501 1025 4583; x_wconf 90' lang='lat' dir='ltr'>licenciand0,</span> <span class='ocrx_word' id='word_1_369' title='bbox 1049 4503 1161 4590; x_wconf 92' lang='lat' dir='ltr'>inquo</span> <span class='ocrx_word' id='word_1_370' title='bbox 1185 4513 1300 4569; x_wconf 87' lang='lat' dir='ltr'>statum</span> <span class='ocrx_word' id='word_1_371' title='bbox 1316 4524 1409 4568; x_wconf 91' lang='lat' dir='ltr'>suum</span> <span class='ocrx_word' id='word_1_372' title='bbox 1432 4501 1475 4566; x_wconf 89' lang='lat' dir='ltr'>ita</span> <span class='ocrx_word' id='word_1_373' title='bbox 1497 4511 1613 4580; x_wconf 89' lang='lat' dir='ltr'>teneat,</span> 
     </span>
     <span class='ocr_line' id='line_1_44' title="bbox 354 4585 1614 4678; baseline -0.003 -22"><span class='ocrx_word' id='word_1_374' title='bbox 354 4589 440 4678; x_wconf 93' lang='lat' dir='ltr'>quod</span> <span class='ocrx_word' id='word_1_375' title='bbox 462 4591 495 4656; x_wconf 92' lang='lat' dir='ltr'>in</span> <span class='ocrx_word' id='word_1_376' title='bbox 519 4609 664 4656; x_wconf 91' lang='lat' dir='ltr'>nostrum</span> <span class='ocrx_word' id='word_1_377' title='bbox 688 4589 835 4655; x_wconf 90' lang='lat' dir='ltr'>ordinem</span> <span class='ocrx_word' id='word_1_378' title='bbox 859 4611 925 4655; x_wconf 92' lang='lat' dir='ltr'>non</span> <span class='ocrx_word' id='word_1_379' title='bbox 949 4590 1112 4675; x_wconf 87' lang='lat' dir='ltr'>impingat.</span> <span class='ocrx_word' id='word_1_380' title='bbox 1151 4587 1312 4678; x_wconf 91' lang='lat' dir='ltr'>Quicquid</span> <span class='ocrx_word' id='word_1_381' title='bbox 1335 4586 1409 4654; x_wconf 91' lang='lat' dir='ltr'>inde</span> <span class='ocrx_word' id='word_1_382' title='bbox 1428 4585 1519 4654; x_wconf 93' lang='lat' dir='ltr'>vobis</span> <span class='ocrx_word' id='word_1_383' title='bbox 1542 4585 1614 4653; x_wconf 90' lang='lat' dir='ltr'>saci-</span> 
     </span>
     <span class='ocr_line' id='line_1_45' title="bbox 354 4675 1427 4764; baseline -0.003 -21"><span class='ocrx_word' id='word_1_384' title='bbox 354 4677 472 4744; x_wconf 88' lang='lat' dir='ltr'>endum</span> <span class='ocrx_word' id='word_1_385' title='bbox 494 4677 660 4757; x_wconf 90' lang='lat' dir='ltr'>videbitur,</span> <span class='ocrx_word' id='word_1_386' title='bbox 684 4675 893 4743; x_wconf 89' lang='lat' dir='ltr'>discretorum</span> <span class='ocrx_word' id='word_1_387' title='bbox 915 4675 1042 4742; x_wconf 81' lang='lat' dir='ltr'>fratrum</span> <span class='ocrx_word' id='word_1_388' title='bbox 1067 4676 1201 4742; x_wconf 91' lang='lat' dir='ltr'>consilio</span> <span class='ocrx_word' id='word_1_389' title='bbox 1225 4687 1427 4764; x_wconf 88' lang='lat' dir='ltr'>temperetur.</span> 
     </span>
    </p>
   </div>
   <div class='ocr_carea' id='block_1_8' title="bbox 458 4851 592 4917">
    <p class='ocr_par' dir='ltr' id='par_1_11' title="bbox 458 4851 592 4917">
     <span class='ocr_line' id='line_1_46' title="bbox 458 4851 592 4917; baseline 0.015 -13"><span class='ocrx_word' id='word_1_390' title='bbox 458 4851 514 4906; x_wconf 85' lang='lat' dir='ltr'>Fol.</span> <span class='ocrx_word' id='word_1_391' title='bbox 537 4854 592 4917; x_wconf 86' lang='lat'>148.</span> 
     </span>
    </p>
   </div>
   <div class='ocr_carea' id='block_1_9' title="bbox 0 0 1916 5592">
    <p class='ocr_par' dir='ltr' id='par_1_12' title="bbox 0 0 1916 5592">
     <span class='ocr_line' id='line_1_47' title="bbox 0 0 1916 5592; baseline 0 0"><span class='ocrx_word' id='word_1_392' title='bbox 0 0 1916 5592; x_wconf 95' lang='lat' dir='ltr'> </span> 
     </span>
    </p>
   </div>
  </div>
 </body>
</html>
