3822 5592
302 625 325 696 J.
348 627 422 696 1298.
887 625 982 679 hriele.
1508 628 1566 692 129

304 781 457 846 incurritis
482 781 651 846 criminale.
698 783 798 844 l’orru
829 783 880 868 qui
906 782 968 846 sint
996 783 1186 846 nominatim
1212 782 1489 860 excummunicati,
1521 782 1567 846 in·

303 865 465 932 l'allibiliter
493 869 572 932 scire
606 867 738 952 potestis
767 889 825 932 nec
854 878 996 946 excusat,
1027 867 1052 932 si
1081 866 1157 932 tales
1186 878 1332 953 parentes
1359 868 1455 932 vestri
1484 879 1567 946 sunt,

304 975 377 1018 nam
403 951 439 1016 ab
470 953 610 1038 ipsorum
630 963 798 1052 ¹potestate
822 964 852 1018 et
881 950 987 1018 ledere
1016 952 1127 1038 religio
1151 975 1210 1017 vos
1234 953 1360 1016 exemit.
1406 952 1568 1018 Interdicti

304 1059 380 1103 vero
404 1055 476 1102 sunt
492 1060 605 1103 omnes
629 1061 660 1103 ιιι
678 1039 801 1103 civitate
822 1049 852 1103 et
876 1061 935 1104 nec
951 1037 1033 1124 apud
1049 1060 1108 1104 vos
1124 1061 1184 1104 nec
1200 1037 1270 1103 alibi
1294 1049 1444 1123 poterunt
1460 1037 1566 1104 audire

304 1123 418 1205 divina,
442 1125 501 1189 nisi
524 1147 558 1190 su
584 1147 616 1190 er
633 1125 694 1190 hoc
718 1123 866 1190 licentiati
882 1126 955 1204 sint,
979 1123 1029 1189 vel
1052 1123 1251 1211 privilegium
1272 1123 1406 1190 habeant
1421 1124 1565 1211 speciale.

303 1212 475 1278 licentiam
500 1147 626 1300 quidam
651 1210 836 1292 habuerunt,
861 1231 894 1278 ut
919 1210 1042 1293 dicitur,
1065 1210 1268 1278 avenerabili
1292 1211 1426 1278 domino
1450 1211 1566 1299 legato,

304 1318 351 1366 set
368 1323 481 1366 omnes
505 1300 673 1380 revocavit,
697 1299 778 1366 sicut
801 1299 833 1365 in
854 1300 1039 1365 autenticis¹
1062 1299 1171 1366 litteris
1195 1300 1257 1366 suis
1273 1298 1346 1366 vidi.
1387 1300 1455 1386 Ego
1472 1301 1566 1366 etiam

305 1412 342 1454 ex
367 1410 438 1453 corn
464 1389 588 1454 assione
612 1388 718 1474 paucis
735 1388 936 1453 ornatissimis
954 1388 1069 1454 nostris
1093 1388 1198 1454 inveni
1222 1385 1370 1468 sormam,
1393 1411 1566 1477 perquam

303 1475 426 1563 aliquan
449 1498 470 1541 o
493 1474 574 1562 apud
599 1498 656 1541 vos
680 1473 793 1541 divinis
822 1493 953 1561 possent
978 1474 1090 1542 officiis
1119 1476 1281 1557 interesse,
1314 1473 1500 1563 quibusdam
1528 1500 1566 1542 ex

303 1562 465 1650 privilegio
489 1562 587 1650 papali
612 1573 642 1629 et
673 1563 891 1650 procuratorio
916 1565 1060 1645 nornine,
1084 1561 1270 1652 quibusdam
1295 1587 1332 1629 ex
1355 1564 1365 1628 i
1388 1564 1451 1630 sius
1474 1563 1566 1652 legati

304 1649 394 1717 nobis
423 1674 573 1718 concessa
603 1649 799 1739 indulgentia
822 1651 980 1739 singulari.
1028 1653 1150 1718 Verum
1178 1653 1259 1739 quia,
1290 1586 1386 1740 quod
1404 1653 1566 1739 provisum

302 1737 359 1805 luit
382 1738 419 1804 ad
444 1737 659 1820 concordiam,
688 1741 769 1826 cepit
793 1738 924 1805 tendere
947 1738 985 1805 ad
1010 1763 1137 1820 noxam,
1168 1741 1266 1805 itaut
1295 1739 1386 1804 multi
1408 1739 1465 1806 sub
1488 1763 1567 1828 quo-

303 1850 425 1914 cunque
446 1826 554 1892 colore
571 1826 717 1892 ecclesias
735 1837 855 1892 vestras
878 1827 1039 1907 intrarent,
1061 1827 1259 1914 perciperent
1281 1845 1485 1908 sacramenta,
1507 1829 1567 1894 uti-

303 1936 375 1978 nam
400 1937 466 1978 non
491 1912 710 2000 deciperentur
734 1915 953 1980 sacramentis!
1000 1915 1084 1980 Nam
1108 1911 1235 2001 quidam
1261 1936 1296 1979 ea
1319 1915 1410 1996 iuste,
1438 1913 1565 2002 quidam

244 1994 246 2003 '
302 2013 421 2066 temere
444 2013 714 2100 presumpserunt,
738 2000 796 2066 alie
821 2025 893 2066 curn
919 2017 1023 2066 essent
1041 2002 1210 2086 coniugate
1234 2011 1265 2066 ct
1285 1999 1415 2066 cottidie
1438 2024 1566 2067 excom-

303 2088 468 2152 municatis
481 2098 695 2166 couterentur,
712 2087 913 2152 ecclesiarum
928 2106 1102 2152 vestrarum
1120 2086 1227 2150 limina
1240 2085 1446 2152 calcaverunt.
1473 2086 1566 2153 Unde

302 2171 426 2259 plurimi
442 2172 638 2239 scandalizati
654 2183 738 2254 sunt,
763 2175 804 2239 ita
821 2184 855 2239 ut
897 2172 1061 2239 uibusdarn
1077 2171 1232 2254 admissis,
1256 2171 1321 2238 aliis
1339 2195 1405 2238 non
1422 2171 1567 2239 admissis

301 2258 428 2340 iudici0,
451 2283 509 2347 pro
528 2283 591 2348 quo
616 2259 844 2341 iudicabuntur,
869 2197 1020 2341 dicerent,
1067 2259 1132 2326 uod
1155 2259 1193 2326 ad
1218 2260 1280 2325 hoc
1303 2258 1481 2326 faciendum
1507 2284 1567 2327 nos

302 2346 438 2414 alliceret
459 2359 550 2436 turpe
573 2347 705 2414 lucrum.
744 2348 875 2434 Insuper
899 2284 1130 2435 ingratitudinis
1154 2347 1247 2415 nobis
1263 2348 1379 2413 vicium
1400 2347 1567 2415 affixerunt

302 2433 453 2516 dicentes,
478 2434 565 2524 quod
587 2435 657 2503 illos
681 2434 932 2518 excluderemuS,
961 2436 1013 2524 qui
1037 2435 1129 2502 nobis
1158 2434 1415 2502 indeclinabiliter
1438 2434 1567 2503 adhese-

304 2542 386 2604 runt,
409 2523 486 2590 alios
510 2522 757 2606 admitteremus
782 2525 892 2611 quise
915 2546 1026 2611 parum
1051 2525 1167 2590 nostris
1185 2522 1422 2590 necessitatibus
1446 2525 1568 2610 impen-

304 2609 426 2676 derunt.
473 2611 625 2696 Religiosi
648 2609 775 2700 quidam
803 2622 955 2698 preterea,
984 2634 1057 2676 cum
1087 2621 1269 2697 arguuntur,
1299 2633 1394 2697 quare
1416 2610 1511 2677 latam
1534 2613 1566 2676 in

304 2699 461 2764 civitatem
492 2710 621 2785 propter
644 2698 860 2765 Predicatores
884 2699 1074 2764 sententiam
1105 2721 1172 2763 non
1197 2696 1376 2779 observent,
1405 2697 1566 2784 replicant,

304 2785 388 2871 quod
418 2808 473 2870 per
497 2797 619 2851 nostras
644 2809 771 2851 sorores
799 2784 1009 2871 principaliter
1034 2785 1178 2850 violetur.
1224 2786 1305 2870 lpse,
1330 2785 1485 2872 inquiunt,
1515 2809 1567 2850 ex-

304 2873 557 2936 communicatos
574 2871 753 2952 admittunt,
778 2895 850 2937 cum
868 2873 1016 2958 recipitur
1039 2871 1151 2956 puella,
1175 2894 1247 2936 curn
1272 2869 1351 2936 hunt
1368 2871 1509 2958 exequie,
1533 2871 1565 2936 in

302 2956 464 3024 locutione
488 2981 560 3024 cunr
590 2959 647 3024 illis
671 2970 744 3026 sunt
774 2957 907 3040 assidue,
937 2958 1085 3024 familiam
1114 2969 1225 3024 tenent
1249 2960 1566 3039 excommunicatam,

301 3069 362 3134 que
385 3044 502 3112 audivit
519 3044 624 3112 divina
639 3070 657 3112 a
672 3045 886 3114 sacerdotibus
911 3045 1091 3134 profanatis.
1131 3047 1287 3113 Conversi
1304 3069 1412 3112 earum
1429 3057 1459 3113 et
1475 3045 1564 3112 lami-

301 3134 390 3200 liares
414 3146 497 3201 stant
525 3136 557 3200 in
582 3135 720 3202 ecclesiis
744 3147 775 3202 et
799 3147 991 3202 concurrunt
1016 3159 1086 3202 curn
1117 3133 1217 3222 plebe,
1247 3145 1280 3200 ut
1306 3133 1417 3201 elevari
1441 3133 1567 3202 videant

301 3245 415 3309 corpus
445 3223 572 3289 Christi.
619 3221 707 3304 Quid
735 3223 843 3311 plura?
889 3224 958 3312 Ego
988 3224 1046 3290 hiis
1077 3221 1264 3310 dispendiis,
1297 3234 1392 3310 prout
1423 3246 1565 3311 possum,

301 3312 431 3398 cupiens
448 3311 585 3394 obviare,
606 3336 646 3378 ne
671 3313 839 3379 occasione
856 3311 984 3400 dampni
1009 3311 1182 3400 dampnum
1198 3309 1305 3379 videar
1328 3311 1479 3394 intulisse,
1504 3312 1565 3379 hoc

301 3423 373 3486 ag0,
397 3399 484 3488 quod
507 3399 596 3467 saluti
612 3420 715 3467 vestre
740 3421 771 3468 et
794 3403 861 3489 paci
885 3420 1065 3468 ceterorum
1089 3401 1242 3467 iudicatur
1257 3400 1468 3468 verisimiliter
1489 3425 1566 3468 con-

301 3489 417 3554 venire.
473 3490 617 3556 Omnem
655 3490 749 3574 igitur
781 3491 948 3556 hominem
980 3487 1150 3556 excludetis
1183 3488 1324 3555 obicibus
1357 3501 1388 3556 et
1419 3488 1565 3571 clavibus,

301 3575 428 3663 quando
459 3577 490 3641 in
519 3577 649 3642 ecclesia
672 3588 775 3643 vestra
803 3577 1000 3664 cappellanus
1028 3578 1173 3664 proprius
1197 3601 1277 3642 voce
1301 3575 1454 3642 submissa
1482 3575 1566 3643 dicet

301 3663 441 3743 missam,
465 3686 524 3728 nec
547 3664 626 3728 rima
649 3687 752 3750 neque
775 3663 919 3730 foramen
943 3663 982 3729 ad
1006 3663 1179 3730 videndum
1203 3666 1234 3728 in
1260 3663 1370 3730 hostiis
1392 3675 1444 3730 aut
1466 3666 1564 3750 parie-

300 3748 381 3814 tibus
410 3749 611 3837 relinquatur.
659 3751 771 3816 Missas
799 3763 902 3817 autem
928 3751 1033 3817 dicent
1062 3752 1094 3816 in
1123 3750 1210 3816 festis
1240 3750 1442 3836 simplicibus,
1471 3753 1565 3817 semi-

300 3835 484 3923 duplicibus,
514 3836 686 3924 duplicibus
716 3856 745 3904 et
774 3837 941 3927 aliqnando
970 3862 1027 3925 pro
1060 3839 1224 3904 memoriis
1248 3837 1480 3904 defunctorum.
1527 3840 1565 3905 Et

299 3923 371 3990 licet
398 3923 574 3989 secundum
603 3926 651 3990 ius
679 3924 778 3991 semel
805 3925 914 3991 saltem
945 3927 976 3990 in
1004 3926 1119 4012 pascha
1143 3925 1248 3991 omnis
1273 3925 1469 3992 Christianus
1496 3949 1564 4012 per-

299 4012 402 4096 cipere
427 4008 538 4076 debeat
556 4012 740 4077 eucharistie
764 4024 1006 4092 sacramentum,
1031 4011 1121 4077 vobis
1145 4031 1251 4078 tamen
1267 4011 1382 4099 aliquid
1407 4011 1479 4078 duxi
1499 4037 1565 4078 arn-

299 4095 378 4182 plins
402 4097 656 4178 concedendum,
685 4111 719 4164 ut
745 4098 890 4165 videlicet
918 4100 948 4163 in
979 4099 1138 4164 nativitate
1170 4097 1292 4164 domini
1322 4101 1564 4166 communicetis

300 4195 330 4250 et
354 4186 385 4250 in
409 4185 522 4271 pascha
540 4197 571 4251 et
594 4184 695 4252 adhuc
719 4209 780 4251 una
796 4188 864 4252 vice
889 4188 920 4251 in
937 4186 1042 4274 aliquo
1066 4185 1158 4268 lesto,
1183 4209 1255 4251 cum
1280 4188 1447 4273 priorisse²
1462 4189 1564 4274 magis

300 4271 465 4359 dispositas
489 4272 624 4339 viderint
655 4297 723 4339 esse
752 4297 880 4340 sorores
908 4275 1096 4361 accipientes
1121 4298 1158 4340 ex
1188 4273 1251 4340 hoc
1274 4286 1508 4361 argumentum,
1537 4277 1563 4340 si

301 4383 426 4426 sorores
443 4372 514 4427 ante
531 4362 675 4427 vixerunt
692 4361 831 4447 pacifice,
854 4363 958 4450 quiete
974 4363 1089 4448 pariter
1105 4373 1136 4428 et
1153 4360 1279 4443 devote,
1303 4363 1442 4448 provisu,
1466 4361 1564 4450 quod,

301 4471 360 4534 que
385 4449 415 4512 in
441 4451 807 4514 excommunicationem
831 4448 1010 4515 inciderunt
1033 4449 1206 4537 loquend0,
1230 4448 1411 4514 mandando
1436 4473 1563 4515 excom-

301 4535 477 4616 mnnicatis,
500 4535 586 4623 quod
603 4537 641 4602 ad
663 4559 730 4602 rem
750 4560 817 4602 non
835 4537 981 4624 pertinet,
1000 4560 1066 4603 non
1084 4537 1324 4602 communicent
1341 4537 1400 4602 nisi
1419 4537 1564 4623 primitus

300 4621 451 4704 absolute,
475 4646 570 4711 quam
586 4623 819 4690 absolutionem
836 4625 1006 4690 committo
1030 4625 1063 4690 in
1087 4623 1206 4690 casibus
1229 4623 1348 4690 levibus
1363 4625 1474 4691 vestris
1490 4647 1563 4711 pro-

299 4711 373 4863 priis
397 4710 593 4798 cappellanis,
621 4713 655 4777 in
678 4711 873 4798 gravioribus
896 4723 1013 4794 autem,
1042 4722 1163 4799 utpote,
1192 4712 1218 4776 si
1241 4712 1349 4778 amicis
1372 4713 1436 4778 suis
1460 4713 1564 4778 consi-

311 4799 376 4864 ium
400 4797 588 4886 impendunt
608 4819 639 4865 et
663 4799 813 4866 auxilium
836 4812 888 4866 aut
911 4799 1053 4866 favorem
1077 4798 1290 4882 manifestum,
1315 4823 1382 4865 non
1405 4798 1564 4866 debebunt

300 4886 470 4973 cappellani
503 4887 680 4968 absolvere,
719 4889 777 4952 nisi
812 4907 959 4975 presente
995 4887 1142 4973 priorissa
1177 4910 1232 4952 sua
1270 4910 1340 4952 curn
1377 4886 1453 4967 hiis,
1487 4910 1564 4974 quas

353 5007 461 5061 Plutia,
480 5007 738 5052 Domtntkanerbrlefe.
1446 5019 1457 5053 ‘J
