3822 5592
297 621 319 691 J.
343 621 417 674 1288.
884 619 978 674 Bricfe.
1502 621 1562 686 115

299 777 383 863 prius
415 775 454 842 ad
486 775 615 842 fratrum
648 800 686 841 an
718 775 757 843 ad
787 777 1014 864 parrochialem
1048 774 1212 844 ecclesiam
1247 774 1436 843 deferantur.
1486 777 1564 844 Non

299 862 400 929 rnulto
424 873 497 950 post
519 880 675 948 tempore,
698 881 732 929 ut
749 861 861 944 dicitis,
885 863 965 929 facte
984 872 1058 928 sunt
1080 863 1193 928 iniurie
1216 860 1471 928 innumerabiles.
1510 862 1566 928 Set

299 972 340 1016 ne
363 949 426 1016 hoc
448 960 634 1038 preteream,
658 947 746 1038 quod
761 949 802 1016 de
818 949 1151 1017 excommunicatione
1175 947 1327 1016 subtiliter
1342 957 1447 1016 vestra
1461 949 1565 1016 innuit

300 1035 440 1125 epistola,
464 1036 626 1116 noveritis,
650 1033 738 1138 quod
761 1035 857 1104 nichil
881 1037 1081 1104 commisisse
1104 1035 1155 1104 vel
1178 1037 1380 1104 committere
1403 1034 1567 1117 volumus,

299 1147 357 1212 pro
381 1148 445 1212 quo
469 1125 807 1192 excommunicationis
831 1125 1022 1192 sententiam
1045 1122 1185 1192 incidere
1203 1122 1390 1191 debeamus.
1414 1177 1415 1180 ,

406 1343 414 1373 ¹
434 1333 621 1389 consuetidinis
640 1333 691 1388 HS.
765 1339 777 1372 ²
794 1335 936 1389 auctoritas
954 1335 1006 1390 HS.
1081 1335 1216 1390 ”Decret
1236 1335 1319 1408 Greg.
1338 1335 1384 1392 lX.
1407 1335 1440 1390 V.
1463 1349 1502 1405 31.
1524 1333 1563 1390 16.

299 1414 310 1443 ⁴
334 1405 489 1460 cessationis
507 1405 558 1459 HS.
632 1410 643 1442 ⁵
665 1403 772 1459 Decret.
792 1405 875 1476 Greg.
895 1405 941 1460 lX.
960 1406 993 1460 V.
1016 1407 1055 1473 38.
1079 1421 1117 1460 12.
1190 1413 1202 1444 ⁸
1224 1405 1267 1460 De
1285 1422 1364 1478 poen.
1386 1423 1409 1460 c.
1428 1404 1472 1461 86.
1490 1405 1524 1461 D.
1544 1405 1564 1460 l.

301 1535 419 1542 ...ω-.-

404 1598 460 1653 Fol.
483 1611 627 1667 144—147.
665 1595 726 1669 Vgl.
747 1596 899 1668 Einleitung
918 1598 945 1652 S.
967 1613 1006 1666 30.
1080 1571 1082 1575 Ι

910 1806 961 1874 92.

404 1965 582 2052 Pravinzr'al
597 1965 788 2056 (Hermann)
811 1965 939 2031 schreibt
963 1987 1004 2030 arr
1019 1964 1127 2032 Biscbo
1159 1961 1336 2056 (Heinrich)
1359 1987 1418 2031 oon
1434 1965 1563 2054 Regem-

299 2053 376 2140 lmrg
398 2053 472 2118 tiber
494 2054 541 2119 die
556 2053 773 2119 Beschwerden
796 2052 846 2118 des
863 2051 1090 2139 Regensburger
1150 2074 1219 2117 erres
1262 2075 1335 2139 egen
1357 2051 1405 2117 die
1420 2053 1563 2119 Domini-

298 2139 392 2206 kaner
414 2140 478 2205 und
500 2139 583 2206 bittet
605 2163 657 2204 aar
682 2139 913 2227 Verlriagerung
936 2139 995 2205 des,
1010 2138 1201 2204 bestehenden
1228 2076 1387 2226 thrtrages
1410 2139 1566 2226 bezeiglieh

299 2227 352 2293 der
381 2226 652 2315 Totenbestattmrg.
700 2222 826 2318 (1288.)

404 2351 485 2417 Item
497 2349 536 2417 ad
549 2350 735 2438 episcopum
748 2349 896 2416 eundem.
921 2347 1101 2416 Venerabili
1119 2349 1197 2437 patri
1211 2345 1345 2416 domino
1358 2371 1393 2416 ac
1411 2349 1491 2436 patri
1503 2360 1562 2417 etc.

300 2437 339 2504 de
355 2461 453 2526 grege
469 2437 527 2505 sibi
543 2436 664 2505 credito
679 2437 797 2504 fructus
814 2437 871 2504 sibi
888 2435 1036 2525 colligere
1053 2438 1275 2525 sempiternos.
1311 2437 1447 2504 Noverit
1461 2448 1565 2505 vestra

301 2528 490 2609 reverencia,
514 2525 601 2615 quod
624 2527 732 2593 venire
756 2525 898 2614 disposui
921 2527 1139 2614 Ratisponam,
1166 2525 1246 2592 sicut
1268 2521 1436 2614 aliquando
1459 2524 1564 2592 vobis-

302 2638 374 2680 cum
398 2625 613 2696 tractaveram,
637 2625 685 2680 set
704 2637 776 2680 cum
801 2637 904 2680 essem
920 2612 1140 2696 Nurenberch,
1163 2612 1333 2680 revocabar
1347 2635 1457 2680 versus
1473 2614 1565 2679 War-

301 2702 435 2768 matiam
458 2700 496 2768 ad
519 2700 716 2768 tractandum
740 2724 813 2767 cum
837 2699 955 2767 civibus
971 2699 1256 2787 Argentiuensibus
1280 2698 1319 2766 de
1339 2699 1511 2767 concordia
1534 2713 1566 2767 et
1665 2766 1668 2774 ,

303 2811 404 2869 causa,
428 2811 489 2876 que
504 2789 586 2855 inter
609 2809 668 2853 nos
684 2790 814 2855 vertitur
837 2798 930 2875 atque
955 2789 1050 2888 ipsos.
1089 2787 1258 2854 Referente
1280 2797 1385 2853 autem
1402 2788 1564 2854 carissimo

301 2875 333 2939 in
356 2874 485 2940 Christo
510 2925 517 2938 .
543 2925 550 2939 .
574 2875 679 2960 priore
696 2874 920 2960 Ratisponensi
944 2872 1048 2954 didici,
1072 2871 1159 2960 quod
1182 2871 1284 2938 adhuc
1307 2873 1389 2939 inter
1413 2871 1564 2939 dominos

301 2959 474 3026 canonicos
497 2960 745 3060 Ratisponenses
770 2977 801 3026 et
823 2959 932 3025 fratres
979 2970 1136 3026 erseverat
1159 2957 1271 3025 odiosa
1294 2957 1446 3041 simultas,
1491 2983 1563 3025 uam

301 3069 373 3134 ego,
402 3058 437 3114 ut
458 3047 560 3135 potui,
588 3070 621 3112 rn
644 3046 842 3134 Erbipolensi
870 2981 1007 3114 concilio
1037 3047 1156 3113 interce
1180 3047 1199 3128 i,
1228 3068 1289 3135 que
1317 3047 1438 3113 utinam
1466 2983 1564 3114 duem

299 3135 429 3223 accipiat
452 3133 638 3223 aliquando;
662 3133 700 3202 ad
716 3133 803 3224 quod
826 3158 878 3201 me
901 3133 1034 3201 libenter
1050 3069 1273 3222 inpenderem,
1293 3135 1319 3200 si
1342 3157 1410 3200 non
1426 3133 1565 3202 obstaret

300 3224 379 3290 iusta
401 3221 601 3312 quorundam
625 3221 845 3306 contradicti0,
874 3224 1017 3312 quinon
1040 3223 1205 3311 paciuntur
1229 3223 1447 3324 equanimiter,
1478 3221 1564 3313 quod
1662 3247 1664 3254 ’

300 3309 339 3378 de
362 3311 519 3400 sepultura
542 3310 665 3379 libertas
689 3310 843 3400 privilegii
867 3309 1070 3379 convellatur.
1117 3312 1218 3378 Porro
1242 3309 1315 3378 hcet
1337 3323 1503 3379 revocatus
1527 3311 1565 3379 ad

300 3399 356 3466 alia
380 3401 514 3488 negocia
536 3423 633 3488 cogar
655 3423 787 3468 manum
812 3401 948 3483 mittere,
972 3402 1115 3468 animum
1139 3410 1247 3467 tamen
1271 3401 1380 3467 nescio
1404 3401 1565 3469 remittere

300 3487 339 3554 ad
362 3488 425 3554 hoc
448 3491 599 3555 continue
623 3487 834 3570 anhelantem,
863 3500 898 3555 ut
924 3489 1007 3554 inter
1030 3487 1150 3554 clerum
1174 3499 1206 3554 et
1233 3487 1342 3554 fratres
1369 3487 1431 3555 litis
1454 3487 1566 3554 dissol-

300 3593 413 3642 vantur
434 3575 559 3642 vincula
583 3586 613 3642 et
636 3577 721 3662 pacis
744 3574 850 3642 federa
873 3577 1094 3662 astringantur.
1139 3576 1273 3662 Propter
1296 3574 1383 3664 quod
1406 3588 1565 3663 acceptata

300 3661 357 3730 fuit
379 3661 514 3729 formula
530 3662 665 3751 quedam
689 3664 786 3730 instar
801 3662 920 3730 habens
943 3676 1136 3750 treugarum,
1161 3686 1233 3751 que,
1257 3686 1330 3730 cum
1354 3662 1450 3730 nichil
1466 3687 1565 3731 nova·

299 3761 395 3832 retur,
419 3769 565 3837 ternpore
589 3752 714 3818 evanuit
737 3749 895 3837 prefinito.
939 3751 995 3816 Set
1018 3751 1188 3817 utiterum
1213 3773 1285 3837 spes
1309 3774 1378 3818 esse
1400 3752 1502 3838 possit
1525 3749 1564 3818 de

299 3836 533 3904 reformatione
551 3837 723 3905 concordie
743 3838 925 3926 irrequisitis
944 3837 1099 3919 fratribus,
1118 3856 1221 3904 ratum
1237 3848 1356 3921 tamen,
1380 3840 1405 3905 si
1421 3850 1507 3906 recte
1526 3838 1566 3905 de

299 3925 373 4011 ipsis
389 3925 511 4006 senci0,
535 3923 694 4007 habituris,
711 3925 773 3992 hoc
792 3926 970 4013 paternitati
986 3937 1090 3992 vestre
1111 3925 1224 4006 offero,
1248 3923 1335 4013 qnod
1359 3925 1441 3994 dicta
1463 3925 1566 3993 forma

298 4014 424 4093 iterum,
448 4035 546 4100 usque
571 4011 647 4079 dum
671 4012 710 4079 ad
725 4037 784 4080 vos
807 4011 958 4080 accedere
981 4011 1112 4094 valeam,
1137 4010 1187 4079 vel
1210 4011 1371 4101 usquead
1393 4014 1566 4082 triennium

299 4099 492 4166 observetur.
539 4100 578 4166 Et
606 4101 665 4166 nisi
695 4100 834 4167 obstaret
863 4122 1007 4166 murmur
1030 4100 1210 4181 hominum,
1240 4101 1292 4189 qui
1316 4099 1356 4167 de
1380 4099 1565 4188 corporibus

300 4187 362 4252 suis
393 4185 524 4253 horrent
556 4186 624 4253 fore
657 4187 881 4274 spectaculum,
914 4199 946 4253 et
977 4187 1003 4252 si
1037 4185 1128 4253 dolus
1162 4185 1479 4269 circumscriberetur,
1512 4187 1565 4275 qui

300 4285 407 4360 posset
436 4272 586 4355 incidere,
618 4275 645 4340 si
673 4275 804 4360 portatis
828 4271 867 4340 ad
896 4272 1125 4361 parrochialem
1150 4274 1314 4340 ecclesiam
1343 4273 1503 4340 funeribus
1528 4297 1566 4340 ex

300 4361 449 4428 industria
477 4372 703 4448 prorogaretur
727 4360 880 4443 officium,
909 4384 971 4448 ego
1001 4384 1069 4428 non
1098 4384 1202 4428 essem
1226 4359 1361 4428 difficilis
1384 4359 1422 4428 ad
1451 4380 1566 4428 conce-

302 4447 452 4530 dendum,
476 4472 536 4536 que
560 4448 778 4538 postula(s)tis
803 4473 875 4515 cum
900 4448 1005 4537 aliquo
1028 4447 1321 4538 te(m)peramento
1345 4449 1488 4537 quamvis
1512 4448 1565 4514 ali-

323 4535 431 4602 ualiter
460 4559 611 4602 oneroso.
658 4537 713 4603 Set
741 4535 781 4603 de
810 4535 882 4618 hoc,
915 4559 976 4637 que
1005 4533 1185 4602 sollicitudo
1215 4558 1288 4601 cum
1338 4547 1446 4602 aterna
1467 4536 1567 4622 gratia

301 4558 372 4689 iliis
396 4646 603 4711 compensare
648 4625 727 4691 ossit
749 4623 890 4703 faciliter,
914 4621 1031 4711 siquid
1055 4621 1094 4690 de
1117 4623 1184 4689 iure
1201 4646 1260 4688 suo
1284 4558 1336 4690 adJ
1339 4634 1476 4690 vestram
1491 4645 1565 4710 pro·

302 4709 484 4777 merendam
508 4645 759 4777 benivolenciam
778 4710 945 4798 deperiret,
968 4709 1071 4777 adhuc
1086 4709 1185 4777 multa
1207 4709 1356 4776 haberem
1378 4709 1469 4776 vobis
1492 4711 1567 4776 scri-

301 4797 375 4864 bere
398 4816 446 4864 set
468 4797 568 4864 modo
592 4815 719 4884 portare
737 4798 868 4865 forsitan
893 4821 961 4863 non
984 4798 1128 4884 potestis,
1152 4807 1200 4863 set
1219 4820 1289 4879 oro,
1314 4798 1419 4864 veniat
1441 4797 1583 4883 spiritus¹

301 4886 437 4951 veritatis
461 4897 493 4951 et
508 4884 630 4965 doceat,
654 4908 749 4972 quam
772 4884 957 4972 inequaliter
979 4885 1081 4970 agitur
1098 4901 1208 4950 contra
1229 4883 1338 4950 fratres
1347 4888 1369 4966 ¹,
1394 4901 1425 4951 et
1447 4894 1570 4975 tamen,¹

1435 5003 1461 5050 81
