3828 5590
312 581 336 650 J.
357 580 432 644 1264.

930 737 957 804 il.

424 857 668 946 Ordensgenerol
690 857 870 948 (solrurures)
894 859 1034 924 lericlrtet
1057 859 1124 924 deut
1148 859 1304 924 Kardiaal
1322 859 1485 925 Hannibal
1508 860 1582 925 liber

313 945 370 1009 ileu
400 945 531 1034 Verlaaf
550 946 600 1011 des
623 945 760 1033 Kapitels
784 943 889 1033 (Paris
915 948 998 1030 1264
1022 945 1120 1034 luna).

420 1048 598 1115 Venerabili
622 1050 700 1136 patri
729 1073 764 1115 ac
790 1047 924 1115 domino
948 1047 1105 1115 Anibaldo
1135 1067 1194 1116 etc.
1242 1050 1356 1116 Vestre
1381 1048 1580 1136 dignacionis

314 1135 429 1202 litteras
447 1189 454 1201 .
473 1189 479 1202 .
499 1189 505 1202 .
532 1137 635 1224 Cupio
653 1148 755 1204 vestre
772 1136 974 1223 benignitatis
990 1137 1125 1225 gratiam
1141 1160 1209 1203 non
1226 1136 1332 1219 latere,
1353 1135 1439 1226 quod
1456 1137 1580 1224 capituli

313 1246 480 1310 processus
512 1223 618 1292 celesti
642 1223 778 1292 directus
801 1227 901 1312 gratia
923 1227 954 1292 in
980 1224 1129 1292 omnibus
1152 1223 1210 1291 fuit
1231 1223 1354 1292 habitus
1377 1223 1524 1313 pacificus
1549 1237 1579 1291 et

313 1311 436 1399 quietus
465 1336 524 1379 nec
557 1314 639 1379 inter
668 1312 836 1400 pervigiles
859 1313 921 1380 Dei
950 1337 1061 1380 servos
1084 1313 1230 1379 inimicus
1260 1312 1361 1380 homo
1393 1312 1579 1381 turbationis

312 1399 461 1465 zizaniam
485 1402 588 1488 potuit
611 1402 778 1482 sentinare,
801 1412 849 1467 set
873 1399 911 1467 ad
928 1402 1055 1467 unitatis
1075 1399 1329 1468 conservandum
1345 1399 1506 1467 vinculum
1521 1402 1580 1466 rite

312 1487 444 1572 peractis
467 1489 514 1554 sin
540 1489 597 1554 ulis
620 1487 781 1554 tractanda
804 1489 913 1553 onmia
958 1499 1187 1554 rocesseruut.
1213 1539 1220 1552 .
1246 1540 1253 1553 .
1277 1489 1340 1553 Hat
1361 1488 1489 1554 Messen
1513 1486 1579 1553 und

313 1573 434 1640 Gebete
451 1573 499 1641 tur
514 1511 569 1642 ibn
586 1575 800 1662 angeorduet;
825 1511 989 1662 enrpfielilt
1005 1576 1124 1642 seinem
1142 1576 1357 1641 Patrocinium
1374 1573 1436 1641 den
1454 1573 1578 1641 Orden.

313 1699 529 1707 ’.ιμήν-..ψ

416 1748 472 1802 Fol.
493 1760 559 1814 22⁸⁷,
580 1749 625 1802 Nr.
645 1750 669 1803 8.
707 1749 832 1801 Kardiunl
851 1748 965 1802 Annibal
990 1749 1022 1800 de
1042 1748 1197 1800 Anrribaldis
1216 1766 1272 1800 war
1291 1748 1494 1813 Dominilraner,
1522 1748 1578 1800 Ma-

312 1836 394 1904 gister
417 1836 482 1887 sacri
509 1835 615 1904 palacii,
643 1835 703 1888 1261
729 1835 853 1888 Kardiual
872 1835 939 1904 (egl.
960 1834 1070 1904 luponi,
1097 1834 1240 1886 Bullatium
1266 1835 1289 1900 1,
1315 1847 1364 1899 441
1392 1833 1446 1886 und
1471 1834 1578 1894 Quetis-

310 1920 422 1984 Echarcl,
442 1920 461 1986 1,
482 1920 553 1989 261),
573 1921 643 1974 starb
665 1937 740 1990 1272.
778 1923 813 1974 Er
832 1923 935 1975 sclrrieb
955 1923 1022 1975 atich
1042 1939 1075 1974 an
1095 1921 1140 1974 das
1161 1921 1266 1992 Kapitel
1286 1922 1312 1973 in
1331 1920 1455 1974 Mailand.

924 2077 970 2144 10.

421 2197 540 2265 Ordens
563 2200 667 2264 euerul
683 2198 861 2289 (luliarum)
873 2199 955 2265 litter
975 2203 1059 2265 eirren
1077 2200 1210 2288 Bisclros,
1228 2222 1284 2264 aus
1299 2200 1356 2264 cleu
1372 2197 1579 2285 urrgegelreueu

315 2285 461 2351 Griiuden
486 2224 566 2352 nield
588 2311 627 2372 {u
651 2290 843 2372 resignicruu.
891 2286 996 2374 (Puris
1023 2290 1106 2372 1264
1131 2287 1228 2376 Jrrrri.)

419 2391 599 2458 Venerabili
624 2390 758 2458 domino
788 2391 841 2458 tali
865 2394 1016 2480 episcopo
1045 2415 1080 2458 ac
1108 2392 1197 2479 patri.
1244 2392 1358 2458 Vestre
1382 2389 1579 2476 dignationis

313 2477 453 2544 litteras.
479 2531 486 2543 .
513 2532 519 2544 .
544 2481 692 2545 Petentes
716 2502 775 2545 vos
799 2477 903 2545 ordini
926 2481 1007 2546 inter
1031 2478 1142 2545 mundi
1166 2502 1274 2545 cursus
1298 2479 1401 2544 varios
1425 2476 1524 2543 fortes
1548 2489 1579 2542 et

314 2565 489 2632 incolumes
514 2569 702 2649 conservari,
727 2591 821 2654 quem
846 2566 954 2633 iratres
978 2578 1098 2655 patrem
1117 2578 1148 2633 et
1171 2578 1340 2652 patronum
1357 2589 1450 2631 suum
1469 2586 1580 2650 recog-

315 2673 451 2720 noscunt
477 2679 515 2720 ex
538 2655 707 2738 continuis,
732 2678 793 2743 que
817 2679 834 2720 a
858 2653 948 2722 vobis
972 2665 1170 2742 receperunt,
1194 2651 1394 2720 affluentibus
1418 2650 1579 2718 effectibus

313 2743 492 2828 gratiarum.
531 2743 636 2810 Locus
659 2755 764 2810 autem
782 2755 885 2810 vester
909 2767 976 2810 non
993 2742 1129 2809 creditur
1145 2741 1351 2809 dimittendus
1375 2740 1480 2806 multis
1497 2738 1579 2805 utilis

314 2839 344 2893 et
360 2829 461 2909 vobis,
484 2831 564 2896 sicut
580 2853 685 2916 spero,
709 2831 741 2896 in
759 2829 893 2896 domino
918 2830 1107 2910 fructuosus,
1130 2830 1203 2896 licet
1219 2828 1316 2894 multa
1332 2851 1399 2893 non
1416 2825 1580 2892 videantur

311 2913 349 2979 ad
374 2927 484 2981 votum
511 2940 548 2982 ex
572 2916 740 2982 bominum
770 2916 995 3003 ingratitudine
1025 2916 1153 2996 cedere,
1183 2939 1244 3003 que
1272 2915 1310 2980 ad
1334 2915 1483 2980 meritum
1507 2935 1579 3065 pro-

311 3003 440 3069 venient
464 3001 557 3070 dante
582 3003 716 3070 domino
740 3005 919 3091 paciencius
943 3026 1000 3092 sup
1025 3015 1135 3070 ortatu.
1181 3003 1293 3070 Nostis
1317 3002 1420 3082 enim,
1449 3023 1509 3089 qua
1522 3000 1580 3067 iter

311 3089 512 3177 provideatur
536 3091 575 3158 de
600 3091 776 3180 pastoribus
801 3091 940 3159 ecclesiis
960 3026 1093 3158 viduatis
1117 3110 1148 3158 et
1171 3093 1207 3172 si,
1231 3088 1319 3180 quod
1341 3088 1430 3171 absit,
1455 3088 1579 3156 cedenti

310 3177 493 3246 succederet
523 3179 614 3262 alius,
652 3182 704 3268 qui
737 3191 822 3247 tante
859 3178 942 3247 sedis
975 3179 1139 3246 baberetur
1175 3177 1340 3266 indignus,
1380 3201 1441 3266 que
1473 3177 1579 3244 minus

311 3266 454 3334 ordinate
477 3292 534 3356 per
558 3269 660 3357 ipsum
677 3267 745 3336 fieri
769 3270 1004 3356 contingerent,
1028 3279 1132 3335 vestre
1155 3277 1362 3355 procurarent
1378 3265 1578 3333 consciencie

311 3354 482 3437 lesionem,
511 3359 560 3423 cui
584 3381 650 3424 non
675 3357 811 3424 exhibita
834 3357 943 3424 fuisset
972 3375 1078 3443 optata
1103 3357 1204 3422 cessio
1228 3368 1276 3422 set
1299 3365 1431 3422 extorta.
1478 3353 1578 3434 Quod

310 3455 416 3508 autem
447 3443 573 3512 fratrem
602 3468 669 3511 non
701 3469 819 3510 revoco
847 3446 880 3510 in
909 3445 1106 3532 provinciam
1135 3443 1246 3523 talem,
1279 3454 1382 3510 vestra
1411 3442 1578 3527 paternitas

311 3529 506 3616 approbaret,
530 3535 556 3597 si
580 3555 686 3598 causas
710 3543 858 3598 nosceret
882 3530 1095 3617 prohibentes.

415 3703 470 3756 Fol.
492 3719 533 3772 23,
553 3705 598 3757 Nr.
618 3723 642 3776 9.
680 3707 720 3757 Da
742 3705 820 3758 irater
839 3706 864 3756 iu
885 3703 931 3756 der
950 3703 1081 3756 'l'itulatur
1101 3703 1174 3768 ielrlt,
1194 3719 1225 3755 so
1245 3703 1277 3755 ist
1297 3701 1371 3755 wohl
1391 3701 1462 3754 nicht
1482 3717 1515 3752 au
1535 3700 1578 3752 eiu

310 3789 539 3860 Ordeusmitglied
558 3810 588 3844 zu
608 3792 719 3845 denkeu.

925 3945 963 4013 ll.

415 4070 508 4134 Einer
533 4070 665 4156 Iliturgin
689 4067 762 4156 (etun
785 4068 1006 4158 Franlreiclrl)
1031 4069 1095 4132 aad
1116 4069 1170 4132 der
1184 4069 1341 4154 Herrogia
1357 4066 1497 4132 Blunclaa
1520 4088 1578 4130 voa

310 4158 461 4244 Brrlngne
476 4159 539 4245 sair·
562 4157 639 4237 sich,
662 4160 725 4246 siit·
750 4157 883 4223 Geruulal
911 4157 974 4222 arud
996 4156 1127 4235 Kiuder,
1159 4154 1302 4220 nobilia
1333 4155 1434 4219 inclite
1461 4153 1579 4218 dantiae

248 4291 251 4296 -
315 4243 451 4310 l'saballe
467 4247 529 4332 fiir
551 4245 614 4310 siclt
641 4245 705 4310 und
728 4245 812 4310 ibren
839 4243 972 4311 Gamalal
998 4243 1120 4309 werden
1143 4243 1262 4308 Messe-u
1286 4242 1350 4307 uad
1373 4240 1481 4307 Gebala
1509 4263 1577 4306 vora

313 4332 561 4420 Generullaapitrl
584 4331 636 4418 (aa.
662 4333 765 4422 Puris)
790 4345 944 4420 (rr-gesagt.
992 4329 1098 4418 (Paris
1123 4333 1206 4414 1264
1231 4329 1329 4418 lariti.)

415 4508 470 4562 Fol.
491 4523 532 4578 23,
552 4509 598 4562 Nr.
621 4525 652 4562 ro
676 4508 715 4560 bis
737 4523 776 4561 12.
814 4507 856 4560 Da
879 4506 926 4560 das
945 4504 1160 4575 Generallrapitel
1183 4503 1231 4557 aul
1252 4503 1460 4557 lranzosischem
1485 4500 1578 4554 Boden

311 4595 443 4662 stattland‚
464 4597 496 4649 ist
515 4596 589 4649 wohl
609 4613 641 4648 an
661 4596 703 4649 die
723 4594 867 4649 Gemalrlin
886 4593 1013 4663 Ludwigs
1033 4592 1057 4646 d.
1071 4593 1103 4646 H.
1123 4609 1154 4644 zu
1173 4591 1285 4645 denken.
1315 4589 1372 4643 Aul
1388 4588 1444 4644 Fol.
1465 4600 1518 4657 27⁸·
1536 4589 1578 4641 eiu

311 4684 455 4737 Schreiben
474 4684 520 4737 des
540 4683 772 4755 Ordensgenerals
797 4700 830 4735 an
849 4681 892 4736 Al.
912 4681 945 4734 de
968 4681 1014 4733 tali
1033 4680 1108 4746 loco,
1132 4680 1218 4733 worin
1242 4697 1269 4732 er
1293 4679 1335 4732 die
1354 4677 1494 4747 Hotlnung
1519 4693 1578 4728 aus-

311 4771 414 4838 dniclrt,
441 4773 546 4842 Herzog
565 4773 671 4842 Johann
689 4773 720 4838 (Ι.
741 4789 794 4825 von
816 4770 965 4837 1250-86)
992 4785 1046 4821 von
1065 4768 1198 4838 Bretagne
1217 4766 1308 4819 werde
1327 4765 1369 4818 die
1388 4763 1580 4817 Dominilraner

311 4859 444 4912 schutzen.
