3828 5590
345 597 385 661 52
932 593 1026 646 Briese.
1486 596 1507 664 J.
1531 611 1603 664 ¹257·

342 749 445 816 refero
458 752 609 832 actiones,
624 749 716 817 vobis
732 749 920 838 supplicans,
939 761 974 816 ut
989 748 1180 815 laudabiliter
1197 763 1286 836 cepta
1303 753 1489 818 continuare
1504 751 1604 818 taliter

342 839 531 923 procuretis,
561 835 649 924 quod
671 835 763 904 vobis
786 836 876 903 cedat
899 836 938 902 ad
961 837 1121 918 meritum,
1145 836 1183 902 ad
1203 836 1381 923 profectum
1407 837 1550 904 fratribus
1574 852 1604 904 et

342 921 541 990 cernentibus
565 925 598 988 in
621 921 801 1008 exemplum
819 934 878 989 etc.
909 924 996 988 Bene
1012 923 1111 989 valeat
1126 934 1229 989 vestra
1246 923 1323 988 milri
1346 923 1520 990 admodum
1538 948 1606 990 cara

343 1011 511 1096 paternitas
533 1007 717 1074 reverenda.

446 1181 503 1234 Fol.
524 1182 591 1234 18⁹.
628 1180 735 1232 Alberts
754 1179 910 1233 Aufenthalt
929 1183 954 1232 in
974 1179 1124 1248 Strassburg
1147 1181 1179 1231 ist
1199 1181 1237 1232 bis
1261 1184 1323 1250 jetzt
1342 1182 1415 1234 nicht
1438 1181 1605 1252 sestgestellt.

961 1350 990 1417 3.

446 1475 505 1540 Eira
521 1473 700 1559 Provirrrial
722 1473 816 1539 drmit
831 1471 977 1538 Albertus
992 1474 1137 1559 Magnus,
1161 1475 1263 1539 dassen
1283 1475 1453 1540 Verdienstc
1476 1500 1526 1541 um
1550 1477 1607 1540 den

345 1560 451 1628 Orden
473 1563 536 1648 orrf
555 1563 650 1626 cinam
677 1559 924 1646 Generallrapr'tel
946 1559 1085 1626 erwrihnt
1106 1561 1229 1626 worden
1251 1563 1346 1642 scien,
1362 1565 1425 1650 [ἂν
1446 1565 1526 1628 seine
1548 1563 1606 1627 Be-

341 1648 523 1734 urr'rhungen.
571 1643 678 1735 (Nacb
704 1667 742 1712 12
746 1646 822 1734 roi)

444 1751 526 1817 Item
558 1749 662 1816 eidem
690 1748 900 1836 provincialis.
947 1748 1183 1836 Obsequiosam
1207 1751 1245 1817 ad
1270 1751 1465 1838 beneplacita
1493 1753 1604 1819 volun-

339 1851 448 1906 tatem.
495 1838 699 1923 Congregata
722 1859 823 1923 nuper
845 1837 878 1900 in
894 1834 947 1901 tali
970 1835 1043 1902 loco
1063 1835 1198 1922 capitulo
1223 1839 1374 1924 generali,
1399 1838 1475 1905 dum
1499 1841 1532 1904 in
1549 1862 1605 1904 ore

341 1927 596 2012 conscriptorum
612 1935 736 2010 patrum
760 1921 881 1989 ordinis
895 1941 1000 1988 vestre
1023 1925 1199 1990 reverentie
1215 1927 1372 1990 memoria
1396 1925 1494 1992 dulcis
1511 1940 1604 2006 esset,

340 2012 508 2098 condignis
536 2032 595 2076 vos
623 2011 794 2096 gratiarum
825 2008 1001 2074 actionibus
1030 2009 1252 2098 prosequ(u)ti
1280 2024 1353 2078 sunt
1381 2036 1455 2078 cum
1483 2012 1604 2098 gaudiis

339 2098 532 2178 recolentes,
556 2119 650 2184 quam
675 2097 866 2163 continuatis
890 2094 1062 2176 laboribus,
1090 2119 1184 2184 quarn
1208 2097 1419 2185 multiplicatis
1446 2098 1605 2165 favoribus

338 2188 443 2274 ipsum
466 2183 614 2250 ordinem
637 2184 836 2271 provexistis,
860 2183 910 2248 cui
933 2205 1059 2269 semper
1083 2182 1122 2249 de
1146 2196 1249 2251 vestre
1272 2185 1469 2252 sublimitatis
1492 2185 1603 2252 arbore

338 2275 493 2362 processit
515 2271 625 2338 umbra
648 2272 774 2339 suavior
796 2283 827 2338 et
851 2269 937 2337 cibus
960 2269 1144 2357 jocundior,
1168 2295 1233 2361 quo
1255 2274 1352 2361 ipsius
1375 2273 1414 2340 ad
1437 2273 1545 2341 altiora
1569 2297 1604 2340 ac

338 2365 457 2452 majora
480 2361 652 2450 proceritas
676 2359 883 2427 excrescebat.
930 2356 1024 2425 Unde
1048 2383 1086 2425 ex
1109 2362 1264 2447 preteritis
1298 2363 1456 2450 capientes
1480 2361 1602 2428 firmam

340 2475 430 2540 spem
455 2463 486 2518 et
509 2447 656 2517 fiduciam
681 2447 720 2516 de
744 2447 864 2530 suturis,
888 2459 1003 2535 rogant
1027 2459 1087 2515 etc.

340 2579 392 2586 ...-

445 2625 501 2681 Fol.
524 2627 590 2681 18v.
619 2626 714 2680 Dieser
727 2623 802 2678 Brief
818 2623 885 2694 folgt
905 2624 956 2677 den
976 2623 1071 2677 beiden
1090 2624 1197 2694 obigen.
1226 2626 1292 2679 Eine
1311 2643 1445 2695 gemuere
1458 2628 1605 2697 Datierung

340 2718 372 2769 ist
391 2716 466 2770 wohl
484 2716 558 2769 nicht
576 2715 705 2785 moglich.

954 2868 975 2934 4

445 2989 602 3056 Kardinal
616 2990 719 3075 Hugo,
747 2985 824 3054 Ord.
842 2988 963 3068 Procri,
986 2988 1113 3052 schreibt
1136 2988 1202 3052 dem
1223 2985 1468 3074 Orderrsgeneral
1486 2988 1602 3076 (Haru-

340 3077 417 3165 bert)
433 3077 498 3142 und
511 3077 568 3142 den
581 3075 770 3164 Definitoren
782 3075 833 3139 des
845 3073 1105 3160 Generalkapitels
1120 3077 1151 3139 r'n
1168 3074 1296 3158 Floreng
1311 3087 1400 3140 anter
1411 3075 1603 3160 lnserierrr-ng

340 3167 418 3230 eines
443 3162 617 3229 Schrer'brns
639 3162 797 3246 innocenz'
819 3161 839 3226 I
841 3160 873 3224 V.
898 3183 939 3226 arr
969 3161 1021 3225 ihn
1047 3183 1106 3225 aron
1132 3179 1170 3224 12
1173 3181 1215 3245 54
1239 3159 1377 3226 Februar
1402 3165 1441 3225 ιδ’
1457 3161 1530 3226 tiber
1556 3163 1604 3226 die

340 3272 416 3316 carra
438 3249 627 3315 naonialium.
675 3245 790 3336 (1257)
813 3247 905 3334 April
931 3268 979 3332 19.

445 3354 624 3420 Karissimis
652 3353 685 3416 in
707 3352 803 3435 Jbesu
828 3350 957 3417 Christo
982 3352 1133 3436 magistro
1158 3349 1277 3416 ordinis
1307 3349 1437 3416 fratrum
1461 3352 1603 3418 Predica-

340 3454 447 3506 torum
477 3459 508 3505 et
536 3438 756 3504 diffinitoribus
784 3438 938 3523 generalis
967 3437 1091 3523 capituli
1114 3437 1277 3502 Florencie
1306 3437 1482 3503 celebrandi
1511 3439 1604 3505 frater

340 3528 437 3611 Hugo
467 3527 671 3591 miseratione
708 3523 812 3590 divina
842 3524 920 3588 tituli
956 3535 1062 3588 sancte
1098 3523 1212 3588 Sabine
1245 3522 1408 3610 presbyter
1441 3524 1604 3590 cardinalis

340 3613 472 3678 salutem
497 3631 527 3677 et
556 3622 763 3694 augmentum
786 3611 890 3695 gracie
918 3609 1067 3674 salutaris.
1113 3610 1249 3675 Noverit
1275 3621 1378 3675 vestra
1402 3633 1470 3675 cara
1498 3610 1604 3677 frater-

340 3701 420 3766 nitas
432 3721 492 3764 nos
505 3698 582 3763 olim
595 3698 751 3783 recepisse
764 3695 861 3762 felicis
873 3695 1107 3762 recordacionis
1120 3695 1243 3761 domini
1253 3696 1436 3762 innocencii
1447 3720 1526 3784 pape
1536 3698 1602 3763 llll.

340 3788 456 3853 litteras
480 3785 537 3850 snb
562 3786 619 3850 hac
642 3783 760 3850 forma:

444 3873 656 3938 lnuocencius
680 3873 846 3958 episcopus
870 3890 929 3936 etc.
955 3869 1070 3936 dilecto
1094 3869 1159 3935 filio
1184 3869 1398 3936 etc.salute1n
1422 3891 1452 3937 et
1476 3891 1604 3957 aposto-

339 3961 431 4027 licam
448 3959 714 4026 benedictionem.
739 3959 826 4024 Licet
842 3981 969 4023 sorores
987 3958 1125 4023 ordinisl
1141 3957 1271 4022 fratrum
1288 3957 1523 4024 Predicatorum
1540 3961 1600 4044 jam

340 4046 459 4114 dudum
476 4049 692 4134 incorporatus
725 4047 847 4112 ersonis
860 4045 1001 4132 ejusdem
1018 4044 1138 4111 ordinis
1150 4044 1331 4110 duxerimus
1348 4046 1602 4126 committendas,

339 4159 397 4223 pro
422 4158 462 4201 eo
485 4147 605 4214 tamen,
629 4069 722 4222 quod
739 4133 947 4220 postmodum
964 4155 1115 4220 personas
1138 4134 1219 4219 ipsas
1242 4131 1280 4198 ab
1305 4133 1484 4219 lmjusmodi
1504 4157 1602 4200 onere

338 4223 510 4290 absolvisse
533 4221 677 4301 dicimur,
702 4219 814 4286 eedem
837 4243 976 4301 sorores,
1000 4223 1079 4286 sicut
1099 4221 1287 4306 accepimus,
1311 4243 1463 4306 magnum
1489 4221 1601 4288 exinde

339 4313 494 4377 sustinent
526 4308 762 4376 detrimentum.
817 4307 925 4388 Quare
946 4306 1118 4395 petebatur
1147 4307 1296 4388 anobis,
1327 4320 1361 4374 ut
1384 4309 1466 4395 ipsas
1498 4308 1600 4375 eidem

339 4398 443 4464 ordini
460 4394 686 4464 commendare
710 4396 789 4461 sicut
812 4396 908 4482 prius,
932 4394 1160 4461 nonobstante
1183 4394 1363 4480 hujusmodi
1387 4395 1601 4476 absolutione,

338 4497 467 4573 paterna
495 4481 706 4550 sollicitudine
735 4505 924 4548 curaremus.
973 4482 1057 4562 Quia
1086 4504 1163 4548 vero
1192 4494 1226 4547 tu
1255 4501 1416 4570 tamquam
1445 4495 1602 4570 expertuS,

360 4572 413 4638 uid
436 4574 468 4636 in
492 4569 674 4658 hujusmodi
698 4593 771 4635 casu
795 4569 948 4655 expediat,
972 4569 1093 4655 plenius
1109 4569 1188 4634 scire
1211 4581 1313 4654 potes,
1337 4569 1524 4636 discrecioni
1548 4581 1602 4635 tue

339 4597 378 4724 ile
411 4657 546 4724 consilio
579 4656 708 4722 fratrum
742 4674 925 4721 nostrorum
962 4657 1192 4721 committimus
1225 4666 1256 4720 et
1288 4655 1514 4721 nichilominus
1547 4679 1602 4742 per

338 4745 511 4830 apostolica
527 4746 640 4829 scripta
657 4741 854 4822 mandamus,
872 4744 1016 4829 quatinus
1029 4765 1122 4892 super
1138 4742 1200 4806 hoc
1213 4740 1354 4826 diligenti
1371 4741 1602 4808 deliberacione

338 4829 497 4917 prehabita
526 4832 692 4895 autoritate
716 4845 823 4892 nostra
847 4827 974 4893 ordines
1003 4840 1032 4893 et
1079 4829 1221 4912 isponas,
1251 4840 1346 4912 prout
1370 4827 1473 4892 eidem
1499 4827 1602 4893 ordini
