<?xml version="1.0" encoding="UTF-8"?>
<!DOCTYPE html PUBLIC "-//W3C//DTD XHTML 1.0 Transitional//EN"
    "http://www.w3.org/TR/xhtml1/DTD/xhtml1-transitional.dtd">
<html xmlns="http://www.w3.org/1999/xhtml" xml:lang="en" lang="en">
 <head>
  <title>
</title>
<meta http-equiv="Content-Type" content="text/html;charset=utf-8" />
  <meta name='ocr-system' content='tesseract 3.04.00' />
  <meta name='ocr-capabilities' content='ocr_page ocr_carea ocr_par ocr_line ocrx_word'/>
</head>
<body>
  <div class='ocr_page' id='page_1' title='image "./ungedrucktedomi00finkgoog_0141.png"; bbox 0 0 3822 5592; ppageno 0'>
   <div class='ocr_carea' id='block_1_1' title="bbox 263 551 1599 646">
    <p class='ocr_par' dir='ltr' id='par_1_1' title="bbox 263 551 1599 646">
     <span class='ocr_line' id='line_1_1' title="bbox 263 551 1599 646; baseline 0.002 -21"><span class='ocrx_word' id='word_1_1' title='bbox 263 551 266 557; x_wconf 28' lang='grc' dir='ltr'>Ι</span> <span class='ocrx_word' id='word_1_2' title='bbox 342 561 399 625; x_wconf 86' lang='lat'>128</span> <span class='ocrx_word' id='word_1_3' title='bbox 920 575 1013 628; x_wconf 86' lang='lat' dir='ltr'>Briet&#39;e.</span> <span class='ocrx_word' id='word_1_4' title='bbox 1480 577 1502 646; x_wconf 99' lang='lat' dir='ltr'>J</span> <span class='ocrx_word' id='word_1_5' title='bbox 1525 579 1599 646; x_wconf 74' lang='lat'>1289.</span> 
     </span>
    </p>
   </div>
   <div class='ocr_carea' id='block_1_2' title="bbox 334 731 1600 2991">
    <p class='ocr_par' dir='ltr' id='par_1_2' title="bbox 334 731 1600 2991">
     <span class='ocr_line' id='line_1_2' title="bbox 337 731 1599 819; baseline -0.001 -22"><span class='ocrx_word' id='word_1_6' title='bbox 337 755 433 798; x_wconf 91' lang='lat' dir='ltr'>onem</span> <span class='ocrx_word' id='word_1_7' title='bbox 451 745 641 800; x_wconf 88' lang='lat' dir='ltr'>convertunt</span> <span class='ocrx_word' id='word_1_8' title='bbox 665 735 695 798; x_wconf 90' lang='lat' dir='ltr'>iu</span> <span class='ocrx_word' id='word_1_9' title='bbox 713 734 841 797; x_wconf 81' lang='lat' dir='ltr'>noxiam</span> <span class='ocrx_word' id='word_1_10' title='bbox 858 731 1043 811; x_wconf 88' lang='lat' dir='ltr'>libertatem,</span> <span class='ocrx_word' id='word_1_11' title='bbox 1060 731 1280 812; x_wconf 83' lang='lat' dir='ltr'>discurrentes,</span> <span class='ocrx_word' id='word_1_12' title='bbox 1304 734 1411 798; x_wconf 91' lang='lat' dir='ltr'>socios</span> <span class='ocrx_word' id='word_1_13' title='bbox 1428 755 1487 819; x_wconf 90' lang='lat' dir='ltr'>pro</span> <span class='ocrx_word' id='word_1_14' title='bbox 1511 733 1599 798; x_wconf 90' lang='lat' dir='ltr'>libitu</span> 
     </span>
     <span class='ocr_line' id='line_1_3' title="bbox 336 818 1600 918; baseline 0 -34"><span class='ocrx_word' id='word_1_15' title='bbox 336 838 542 899; x_wconf 81' lang='lat' dir='ltr'>assumentes,</span> <span class='ocrx_word' id='word_1_16' title='bbox 573 820 652 884; x_wconf 92' lang='lat' dir='ltr'>sicut</span> <span class='ocrx_word' id='word_1_17' title='bbox 676 841 753 904; x_wconf 83' lang='lat' dir='ltr'><strong>grex</strong></span> <span class='ocrx_word' id='word_1_18' title='bbox 776 818 892 918; x_wconf 80' lang='lat' dir='ltr'>absque</span> <span class='ocrx_word' id='word_1_19' title='bbox 916 831 1041 904; x_wconf 80' lang='lat' dir='ltr'>pastore</span> <span class='ocrx_word' id='word_1_20' title='bbox 1065 837 1214 898; x_wconf 85' lang='lat' dir='ltr'>errantes,</span> <span class='ocrx_word' id='word_1_21' title='bbox 1239 821 1326 905; x_wconf 87' lang='lat' dir='ltr'>quasi</span> <span class='ocrx_word' id='word_1_22' title='bbox 1350 820 1437 884; x_wconf 90' lang='lat' dir='ltr'>navis</span> <span class='ocrx_word' id='word_1_23' title='bbox 1461 821 1529 884; x_wconf 90' lang='lat' dir='ltr'>sine</span> <span class='ocrx_word' id='word_1_24' title='bbox 1553 842 1600 884; x_wconf 88' lang='lat' dir='ltr'>re-</span> 
     </span>
     <span class='ocr_line' id='line_1_4' title="bbox 336 904 1599 993; baseline 0.002 -23"><span class='ocrx_word' id='word_1_25' title='bbox 336 908 421 992; x_wconf 92' lang='lat' dir='ltr'>mige</span> <span class='ocrx_word' id='word_1_26' title='bbox 437 905 626 986; x_wconf 82' lang='lat' dir='ltr'>vacillantes,</span> <span class='ocrx_word' id='word_1_27' title='bbox 650 927 786 993; x_wconf 90' lang='lat' dir='ltr'>quorum</span> <span class='ocrx_word' id='word_1_28' title='bbox 811 917 904 972; x_wconf 82' lang='lat' dir='ltr'>ettam</span> <span class='ocrx_word' id='word_1_29' title='bbox 928 905 1020 992; x_wconf 83' lang='lat' dir='ltr'>aliqui</span> <span class='ocrx_word' id='word_1_30' title='bbox 1043 905 1250 971; x_wconf 85' lang='lat' dir='ltr'>estimationis</span> <span class='ocrx_word' id='word_1_31' title='bbox 1273 904 1358 972; x_wconf 89' lang='lat' dir='ltr'>bone</span> <span class='ocrx_word' id='word_1_32' title='bbox 1382 905 1485 972; x_wconf 90' lang='lat' dir='ltr'>lucem</span> <span class='ocrx_word' id='word_1_33' title='bbox 1509 918 1599 986; x_wconf 87' lang='lat' dir='ltr'>tetra,</span> 
     </span>
     <span class='ocr_line' id='line_1_5' title="bbox 337 991 1599 1079; baseline 0 -21"><span class='ocrx_word' id='word_1_34' title='bbox 337 1012 370 1059; x_wconf 91' lang='lat' dir='ltr'>ut</span> <span class='ocrx_word' id='word_1_35' title='bbox 393 993 515 1074; x_wconf 89' lang='lat' dir='ltr'>dicitur,</span> <span class='ocrx_word' id='word_1_36' title='bbox 540 992 672 1079; x_wconf 89' lang='lat' dir='ltr'>caligine</span> <span class='ocrx_word' id='word_1_37' title='bbox 696 991 846 1079; x_wconf 85' lang='lat' dir='ltr'>obtegere</span> <span class='ocrx_word' id='word_1_38' title='bbox 878 1015 943 1057; x_wconf 94' lang='lat' dir='ltr'>non</span> <span class='ocrx_word' id='word_1_39' title='bbox 968 1011 1125 1059; x_wconf 91' lang='lat' dir='ltr'>verentur.</span> <span class='ocrx_word' id='word_1_40' title='bbox 1172 991 1266 1058; x_wconf 90' lang='lat' dir='ltr'>Unde</span> <span class='ocrx_word' id='word_1_41' title='bbox 1291 1005 1401 1060; x_wconf 91' lang='lat' dir='ltr'>contra</span> <span class='ocrx_word' id='word_1_42' title='bbox 1432 993 1495 1059; x_wconf 92' lang='lat' dir='ltr'>hoc</span> <span class='ocrx_word' id='word_1_43' title='bbox 1518 993 1599 1059; x_wconf 89' lang='lat' dir='ltr'>aliud</span> 
     </span>
     <span class='ocr_line' id='line_1_6' title="bbox 337 1079 1599 1168; baseline -0.002 -22"><span class='ocrx_word' id='word_1_44' title='bbox 337 1082 465 1168; x_wconf 88' lang='lat' dir='ltr'>cupiens</span> <span class='ocrx_word' id='word_1_45' title='bbox 489 1079 635 1146; x_wconf 91' lang='lat' dir='ltr'>ordinare</span> <span class='ocrx_word' id='word_1_46' title='bbox 658 1079 840 1146; x_wconf 90' lang='lat' dir='ltr'>discretioni</span> <span class='ocrx_word' id='word_1_47' title='bbox 855 1092 959 1146; x_wconf 86' lang='lat' dir='ltr'>vestre</span> <span class='ocrx_word' id='word_1_48' title='bbox 983 1081 1162 1160; x_wconf 81' lang='lat' dir='ltr'>commitrO,</span> <span class='ocrx_word' id='word_1_49' title='bbox 1187 1092 1340 1166; x_wconf 91' lang='lat' dir='ltr'>quatenus</span> <span class='ocrx_word' id='word_1_50' title='bbox 1364 1079 1466 1147; x_wconf 93' lang='lat' dir='ltr'>dictos</span> <span class='ocrx_word' id='word_1_51' title='bbox 1490 1079 1599 1147; x_wconf 87' lang='lat' dir='ltr'>fratres</span> 
     </span>
     <span class='ocr_line' id='line_1_7' title="bbox 336 1165 1600 1256; baseline -0.002 -22"><span class='ocrx_word' id='word_1_52' title='bbox 336 1169 555 1234; x_wconf 87' lang='lat' dir='ltr'>commonitos</span> <span class='ocrx_word' id='word_1_53' title='bbox 579 1167 727 1246; x_wconf 89' lang='lat' dir='ltr'>babeatis,</span> <span class='ocrx_word' id='word_1_54' title='bbox 752 1189 792 1232; x_wconf 90' lang='lat' dir='ltr'>ne</span> <span class='ocrx_word' id='word_1_55' title='bbox 816 1189 946 1233; x_wconf 90' lang='lat' dir='ltr'>movere</span> <span class='ocrx_word' id='word_1_56' title='bbox 970 1165 1067 1252; x_wconf 88' lang='lat' dir='ltr'>pedes</span> <span class='ocrx_word' id='word_1_57' title='bbox 1091 1166 1230 1252; x_wconf 86' lang='lat' dir='ltr'>diligant,</span> <span class='ocrx_word' id='word_1_58' title='bbox 1255 1179 1302 1233; x_wconf 91' lang='lat' dir='ltr'>set</span> <span class='ocrx_word' id='word_1_59' title='bbox 1319 1169 1467 1248; x_wconf 89' lang='lat' dir='ltr'>orationi,</span> <span class='ocrx_word' id='word_1_60' title='bbox 1491 1181 1600 1256; x_wconf 93' lang='lat' dir='ltr'>postu-</span> 
     </span>
     <span class='ocr_line' id='line_1_8' title="bbox 336 1252 1599 1342; baseline 0.001 -23"><span class='ocrx_word' id='word_1_61' title='bbox 336 1255 444 1320; x_wconf 92' lang='lat' dir='ltr'>lationi</span> <span class='ocrx_word' id='word_1_62' title='bbox 468 1277 502 1320; x_wconf 89' lang='lat' dir='ltr'>ac</span> <span class='ocrx_word' id='word_1_63' title='bbox 532 1253 742 1320; x_wconf 89' lang='lat' dir='ltr'>obsecrationi</span> <span class='ocrx_word' id='word_1_64' title='bbox 770 1252 845 1337; x_wconf 78' lang='lat' dir='ltr'>dent</span> <span class='ocrx_word' id='word_1_65' title='bbox 868 1275 1010 1341; x_wconf 89' lang='lat' dir='ltr'>operam,</span> <span class='ocrx_word' id='word_1_66' title='bbox 1039 1252 1142 1319; x_wconf 91' lang='lat' dir='ltr'>donec</span> <span class='ocrx_word' id='word_1_67' title='bbox 1170 1255 1297 1339; x_wconf 89' lang='lat' dir='ltr'>aspiciat</span> <span class='ocrx_word' id='word_1_68' title='bbox 1324 1257 1531 1342; x_wconf 87' lang='lat' dir='ltr'>omnipotens</span> <span class='ocrx_word' id='word_1_69' title='bbox 1560 1254 1599 1320; x_wconf 88' lang='lat' dir='ltr'>de</span> 
     </span>
     <span class='ocr_line' id='line_1_9' title="bbox 336 1338 1600 1428; baseline 0.001 -21"><span class='ocrx_word' id='word_1_70' title='bbox 336 1341 471 1407; x_wconf 86' lang='lat' dir='ltr'>excelso.</span> <span class='ocrx_word' id='word_1_71' title='bbox 511 1341 703 1428; x_wconf 90' lang='lat' dir='ltr'>Quicunque</span> <span class='ocrx_word' id='word_1_72' title='bbox 727 1342 820 1426; x_wconf 88' lang='lat' dir='ltr'>igitur</span> <span class='ocrx_word' id='word_1_73' title='bbox 836 1339 876 1406; x_wconf 92' lang='lat' dir='ltr'>de</span> <span class='ocrx_word' id='word_1_74' title='bbox 892 1342 1051 1426; x_wconf 86' lang='lat' dir='ltr'>premissis</span> <span class='ocrx_word' id='word_1_75' title='bbox 1075 1338 1217 1406; x_wconf 86' lang='lat' dir='ltr'>fratribus</span> <span class='ocrx_word' id='word_1_76' title='bbox 1237 1343 1392 1407; x_wconf 90' lang='lat' dir='ltr'>terminos</span> <span class='ocrx_word' id='word_1_77' title='bbox 1408 1355 1530 1409; x_wconf 90' lang='lat' dir='ltr'>vestros</span> <span class='ocrx_word' id='word_1_78' title='bbox 1547 1356 1600 1408; x_wconf 88' lang='lat' dir='ltr'>aut</span> 
     </span>
     <span class='ocr_line' id='line_1_10' title="bbox 336 1427 1599 1515; baseline 0.001 -21"><span class='ocrx_word' id='word_1_79' title='bbox 336 1441 512 1494; x_wconf 87' lang='lat' dir='ltr'>conventus</span> <span class='ocrx_word' id='word_1_80' title='bbox 536 1427 764 1514; x_wconf 88' lang='lat' dir='ltr'>ingrediuntur,</span> <span class='ocrx_word' id='word_1_81' title='bbox 788 1429 924 1513; x_wconf 91' lang='lat' dir='ltr'>primum</span> <span class='ocrx_word' id='word_1_82' title='bbox 949 1451 982 1493; x_wconf 92' lang='lat' dir='ltr'>se</span> <span class='ocrx_word' id='word_1_83' title='bbox 999 1429 1110 1493; x_wconf 90' lang='lat' dir='ltr'>vestris</span> <span class='ocrx_word' id='word_1_84' title='bbox 1126 1441 1305 1513; x_wconf 87' lang='lat' dir='ltr'>presentare</span> <span class='ocrx_word' id='word_1_85' title='bbox 1321 1428 1496 1515; x_wconf 88' lang='lat' dir='ltr'>aspectibus</span> <span class='ocrx_word' id='word_1_86' title='bbox 1512 1441 1599 1495; x_wconf 88' lang='lat' dir='ltr'>tene-</span> 
     </span>
     <span class='ocr_line' id='line_1_11' title="bbox 336 1513 1599 1602; baseline 0.001 -23"><span class='ocrx_word' id='word_1_87' title='bbox 336 1527 437 1595; x_wconf 89' lang='lat' dir='ltr'>antur,</span> <span class='ocrx_word' id='word_1_88' title='bbox 462 1527 493 1580; x_wconf 88' lang='lat' dir='ltr'>et</span> <span class='ocrx_word' id='word_1_89' title='bbox 516 1516 541 1579; x_wconf 91' lang='lat' dir='ltr'>si</span> <span class='ocrx_word' id='word_1_90' title='bbox 558 1538 683 1580; x_wconf 89' lang='lat' dir='ltr'>causam</span> <span class='ocrx_word' id='word_1_91' title='bbox 709 1516 827 1580; x_wconf 90' lang='lat' dir='ltr'>itineris</span> <span class='ocrx_word' id='word_1_92' title='bbox 844 1513 976 1580; x_wconf 88' lang='lat' dir='ltr'>babeant</span> <span class='ocrx_word' id='word_1_93' title='bbox 993 1513 1220 1594; x_wconf 88' lang='lat' dir='ltr'>rationabilem,</span> <span class='ocrx_word' id='word_1_94' title='bbox 1244 1516 1318 1601; x_wconf 93' lang='lat' dir='ltr'>ipsis</span> <span class='ocrx_word' id='word_1_95' title='bbox 1342 1517 1464 1602; x_wconf 87' lang='lat' dir='ltr'>pietatis</span> <span class='ocrx_word' id='word_1_96' title='bbox 1481 1517 1599 1581; x_wconf 91' lang='lat' dir='ltr'>viscera</span> 
     </span>
     <span class='ocr_line' id='line_1_12' title="bbox 336 1599 1597 1688; baseline 0.001 -22"><span class='ocrx_word' id='word_1_97' title='bbox 336 1600 519 1668; x_wconf 77' lang='lat' dir='ltr'>ostendatis,</span> <span class='ocrx_word' id='word_1_98' title='bbox 559 1601 625 1680; x_wconf 94' lang='lat' dir='ltr'>Qui</span> <span class='ocrx_word' id='word_1_99' title='bbox 641 1620 745 1666; x_wconf 89' lang='lat' dir='ltr'>aurem</span> <span class='ocrx_word' id='word_1_100' title='bbox 763 1603 830 1667; x_wconf 90' lang='lat' dir='ltr'>sine</span> <span class='ocrx_word' id='word_1_101' title='bbox 847 1624 938 1666; x_wconf 88' lang='lat' dir='ltr'>causa</span> <span class='ocrx_word' id='word_1_102' title='bbox 955 1612 1107 1686; x_wconf 87' lang='lat' dir='ltr'>vagantur</span> <span class='ocrx_word' id='word_1_103' title='bbox 1127 1599 1236 1666; x_wconf 89' lang='lat' dir='ltr'>fictum</span> <span class='ocrx_word' id='word_1_104' title='bbox 1252 1600 1366 1688; x_wconf 87' lang='lat' dir='ltr'>aliquid</span> <span class='ocrx_word' id='word_1_105' title='bbox 1382 1603 1432 1669; x_wconf 85' lang='lat' dir='ltr'>vel</span> <span class='ocrx_word' id='word_1_106' title='bbox 1448 1604 1597 1669; x_wconf 89' lang='lat' dir='ltr'>timorem</span> 
     </span>
     <span class='ocr_line' id='line_1_13' title="bbox 335 1687 1599 1776; baseline 0.001 -23"><span class='ocrx_word' id='word_1_107' title='bbox 335 1707 526 1754; x_wconf 88' lang='lat' dir='ltr'>nocturnum</span> <span class='ocrx_word' id='word_1_108' title='bbox 543 1687 778 1775; x_wconf 64' lang='lat' dir='ltr'>pretendentes</span> <span class='ocrx_word' id='word_1_109' title='bbox 795 1689 875 1753; x_wconf 91' lang='lat' dir='ltr'>sicut</span> <span class='ocrx_word' id='word_1_110' title='bbox 891 1687 1045 1753; x_wconf 91' lang='lat' dir='ltr'>consolati</span> <span class='ocrx_word' id='word_1_111' title='bbox 1060 1689 1133 1754; x_wconf 88' lang='lat' dir='ltr'>estis</span> <span class='ocrx_word' id='word_1_112' title='bbox 1152 1689 1375 1775; x_wconf 88' lang='lat' dir='ltr'>pusillanimes,</span> <span class='ocrx_word' id='word_1_113' title='bbox 1393 1691 1433 1755; x_wconf 88' lang='lat' dir='ltr'>ita</span> <span class='ocrx_word' id='word_1_114' title='bbox 1450 1691 1599 1776; x_wconf 86' lang='lat' dir='ltr'>corripite</span> 
     </span>
     <span class='ocr_line' id='line_1_14' title="bbox 336 1774 1599 1862; baseline 0.001 -23"><span class='ocrx_word' id='word_1_115' title='bbox 336 1776 504 1862; x_wconf 89' lang='lat' dir='ltr'>inquietos.</span> <span class='ocrx_word' id='word_1_116' title='bbox 551 1775 722 1862; x_wconf 91' lang='lat' dir='ltr'>Postquam</span> <span class='ocrx_word' id='word_1_117' title='bbox 747 1787 851 1840; x_wconf 90' lang='lat' dir='ltr'>autem</span> <span class='ocrx_word' id='word_1_118' title='bbox 876 1774 913 1840; x_wconf 88' lang='lat' dir='ltr'>ad</span> <span class='ocrx_word' id='word_1_119' title='bbox 937 1798 995 1840; x_wconf 88' lang='lat' dir='ltr'>vos</span> <span class='ocrx_word' id='word_1_120' title='bbox 1019 1774 1253 1854; x_wconf 89' lang='lat' dir='ltr'>declinaverint,</span> <span class='ocrx_word' id='word_1_121' title='bbox 1277 1774 1315 1841; x_wconf 90' lang='lat' dir='ltr'>ad</span> <span class='ocrx_word' id='word_1_122' title='bbox 1340 1776 1473 1842; x_wconf 90' lang='lat' dir='ltr'>chorum</span> <span class='ocrx_word' id='word_1_123' title='bbox 1489 1778 1599 1842; x_wconf 83' lang='lat' dir='ltr'>venire</span> 
     </span>
     <span class='ocr_line' id='line_1_15' title="bbox 336 1860 1598 1962; baseline -0.001 -35"><span class='ocrx_word' id='word_1_124' title='bbox 336 1873 368 1928; x_wconf 89' lang='lat' dir='ltr'>et</span> <span class='ocrx_word' id='word_1_125' title='bbox 401 1861 439 1927; x_wconf 91' lang='lat' dir='ltr'>ad</span> <span class='ocrx_word' id='word_1_126' title='bbox 475 1860 677 1928; x_wconf 85' lang='lat' dir='ltr'>relectorium</span> <span class='ocrx_word' id='word_1_127' title='bbox 716 1884 843 1926; x_wconf 91' lang='lat' dir='ltr'>necnon</span> <span class='ocrx_word' id='word_1_128' title='bbox 874 1860 912 1926; x_wconf 92' lang='lat' dir='ltr'>ad</span> <span class='ocrx_word' id='word_1_129' title='bbox 946 1860 1113 1947; x_wconf 90' lang='lat' dir='ltr'>capitulum</span> <span class='ocrx_word' id='word_1_130' title='bbox 1146 1873 1321 1927; x_wconf 90' lang='lat' dir='ltr'>teneantur.</span> <span class='ocrx_word' id='word_1_131' title='bbox 1377 1863 1415 1928; x_wconf 88' lang='lat' dir='ltr'>Et</span> <span class='ocrx_word' id='word_1_132' title='bbox 1447 1865 1473 1928; x_wconf 92' lang='lat' dir='ltr'>si</span> <span class='ocrx_word' id='word_1_133' title='bbox 1504 1862 1598 1962; x_wconf 83' lang='lat' dir='ltr'>aliqui</span> 
     </span>
     <span class='ocr_line' id='line_1_16' title="bbox 336 1947 1597 2036; baseline 0.001 -23"><span class='ocrx_word' id='word_1_134' title='bbox 336 1951 476 2036; x_wconf 91' lang='lat' dir='ltr'>ipsorum</span> <span class='ocrx_word' id='word_1_135' title='bbox 509 1949 540 2013; x_wconf 91' lang='lat' dir='ltr'>in</span> <span class='ocrx_word' id='word_1_136' title='bbox 565 1947 760 2033; x_wconf 88' lang='lat' dir='ltr'>gravioribus</span> <span class='ocrx_word' id='word_1_137' title='bbox 784 1949 954 2013; x_wconf 87' lang='lat' dir='ltr'>excessisse</span> <span class='ocrx_word' id='word_1_138' title='bbox 978 1948 1133 2028; x_wconf 88' lang='lat' dir='ltr'>dicuntur,</span> <span class='ocrx_word' id='word_1_139' title='bbox 1163 1947 1352 2036; x_wconf 91' lang='lat' dir='ltr'>ubicumque</span> <span class='ocrx_word' id='word_1_140' title='bbox 1377 1971 1432 2014; x_wconf 92' lang='lat' dir='ltr'>eos</span> <span class='ocrx_word' id='word_1_141' title='bbox 1460 1971 1597 2034; x_wconf 83' lang='lat' dir='ltr'>repente</span> 
     </span>
     <span class='ocr_line' id='line_1_17' title="bbox 336 2033 1597 2123; baseline 0.001 -23"><span class='ocrx_word' id='word_1_142' title='bbox 336 2036 488 2122; x_wconf 91' lang='lat' dir='ltr'>poteritis,</span> <span class='ocrx_word' id='word_1_143' title='bbox 512 2046 546 2101; x_wconf 94' lang='lat' dir='ltr'>ut</span> <span class='ocrx_word' id='word_1_144' title='bbox 568 2058 602 2100; x_wconf 91' lang='lat' dir='ltr'>se</span> <span class='ocrx_word' id='word_1_145' title='bbox 626 2034 715 2101; x_wconf 90' lang='lat' dir='ltr'>vobis</span> <span class='ocrx_word' id='word_1_146' title='bbox 739 2033 915 2115; x_wconf 87' lang='lat' dir='ltr'>exhibeant,</span> <span class='ocrx_word' id='word_1_147' title='bbox 940 2034 1145 2121; x_wconf 86' lang='lat' dir='ltr'>compellatis,</span> <span class='ocrx_word' id='word_1_148' title='bbox 1169 2037 1227 2100; x_wconf 94' lang='lat' dir='ltr'>nisi</span> <span class='ocrx_word' id='word_1_149' title='bbox 1251 2037 1373 2122; x_wconf 90' lang='lat' dir='ltr'>priores</span> <span class='ocrx_word' id='word_1_150' title='bbox 1396 2035 1512 2123; x_wconf 91' lang='lat' dir='ltr'>proprii</span> <span class='ocrx_word' id='word_1_151' title='bbox 1537 2058 1597 2102; x_wconf 91' lang='lat' dir='ltr'>vos</span> 
     </span>
     <span class='ocr_line' id='line_1_18' title="bbox 336 2121 1595 2208; baseline 0.002 -22"><span class='ocrx_word' id='word_1_152' title='bbox 336 2123 366 2187; x_wconf 94' lang='lat' dir='ltr'>in</span> <span class='ocrx_word' id='word_1_153' title='bbox 391 2145 522 2188; x_wconf 92' lang='lat' dir='ltr'>suorum</span> <span class='ocrx_word' id='word_1_154' title='bbox 546 2121 795 2187; x_wconf 86' lang='lat' dir='ltr'>correctionibus</span> <span class='ocrx_word' id='word_1_155' title='bbox 819 2124 1045 2207; x_wconf 90' lang='lat' dir='ltr'>prevenissent,</span> <span class='ocrx_word' id='word_1_156' title='bbox 1075 2135 1108 2188; x_wconf 94' lang='lat' dir='ltr'>ut</span> <span class='ocrx_word' id='word_1_157' title='bbox 1130 2122 1337 2208; x_wconf 87' lang='lat' dir='ltr'>probarentur</span> <span class='ocrx_word' id='word_1_158' title='bbox 1360 2147 1377 2188; x_wconf 91' lang='lat' dir='ltr'>a</span> <span class='ocrx_word' id='word_1_159' title='bbox 1405 2123 1595 2208; x_wconf 86' lang='lat' dir='ltr'>negligentia</span> 
     </span>
     <span class='ocr_line' id='line_1_19' title="bbox 335 2207 1597 2297; baseline 0 -24"><span class='ocrx_word' id='word_1_160' title='bbox 335 2211 415 2276; x_wconf 92' lang='lat' dir='ltr'>sicut</span> <span class='ocrx_word' id='word_1_161' title='bbox 438 2209 570 2295; x_wconf 85' lang='lat' dir='ltr'>purgati.</span> <span class='ocrx_word' id='word_1_162' title='bbox 609 2207 659 2274; x_wconf 91' lang='lat' dir='ltr'>Ad</span> <span class='ocrx_word' id='word_1_163' title='bbox 684 2209 835 2273; x_wconf 88' lang='lat' dir='ltr'>boccum</span> <span class='ocrx_word' id='word_1_164' title='bbox 858 2208 1009 2294; x_wconf 89' lang='lat' dir='ltr'>sepedicti</span> <span class='ocrx_word' id='word_1_165' title='bbox 1033 2207 1142 2275; x_wconf 86' lang='lat' dir='ltr'>fratres</span> <span class='ocrx_word' id='word_1_166' title='bbox 1158 2209 1207 2274; x_wconf 91' lang='lat' dir='ltr'>vel</span> <span class='ocrx_word' id='word_1_167' title='bbox 1232 2231 1342 2274; x_wconf 90' lang='lat' dir='ltr'>eorum</span> <span class='ocrx_word' id='word_1_168' title='bbox 1367 2210 1459 2297; x_wconf 88' lang='lat' dir='ltr'>aliqui</span> <span class='ocrx_word' id='word_1_169' title='bbox 1483 2207 1521 2274; x_wconf 90' lang='lat' dir='ltr'>ad</span> <span class='ocrx_word' id='word_1_170' title='bbox 1537 2232 1597 2275; x_wconf 91' lang='lat' dir='ltr'>vos</span> 
     </span>
     <span class='ocr_line' id='line_1_20' title="bbox 335 2294 1594 2382; baseline 0 -20"><span class='ocrx_word' id='word_1_171' title='bbox 335 2297 489 2376; x_wconf 89' lang='lat' dir='ltr'>venerint,</span> <span class='ocrx_word' id='word_1_172' title='bbox 514 2294 552 2361; x_wconf 90' lang='lat' dir='ltr'>ad</span> <span class='ocrx_word' id='word_1_173' title='bbox 575 2296 716 2382; x_wconf 92' lang='lat' dir='ltr'>ipsorum</span> <span class='ocrx_word' id='word_1_174' title='bbox 742 2296 905 2361; x_wconf 89' lang='lat' dir='ltr'>introitum</span> <span class='ocrx_word' id='word_1_175' title='bbox 923 2319 999 2360; x_wconf 87' lang='lat' dir='ltr'>mox</span> <span class='ocrx_word' id='word_1_176' title='bbox 1016 2297 1120 2361; x_wconf 91' lang='lat' dir='ltr'>socius</span> <span class='ocrx_word' id='word_1_177' title='bbox 1144 2318 1237 2381; x_wconf 87' lang='lat' dir='ltr'>super</span> <span class='ocrx_word' id='word_1_178' title='bbox 1252 2297 1377 2361; x_wconf 91' lang='lat' dir='ltr'>socium</span> <span class='ocrx_word' id='word_1_179' title='bbox 1401 2319 1467 2362; x_wconf 95' lang='lat' dir='ltr'>non</span> <span class='ocrx_word' id='word_1_180' title='bbox 1484 2295 1594 2362; x_wconf 88' lang='lat' dir='ltr'>habeat</span> 
     </span>
     <span class='ocr_line' id='line_1_21' title="bbox 335 2381 1597 2470; baseline 0.001 -23"><span class='ocrx_word' id='word_1_181' title='bbox 335 2395 535 2470; x_wconf 87' lang='lat' dir='ltr'>potestatem,</span> <span class='ocrx_word' id='word_1_182' title='bbox 560 2402 593 2449; x_wconf 93' lang='lat' dir='ltr'>ut</span> <span class='ocrx_word' id='word_1_183' title='bbox 617 2383 739 2470; x_wconf 90' lang='lat' dir='ltr'>possint</span> <span class='ocrx_word' id='word_1_184' title='bbox 762 2381 885 2468; x_wconf 85' lang='lat' dir='ltr'>ingredi</span> <span class='ocrx_word' id='word_1_185' title='bbox 909 2395 939 2450; x_wconf 90' lang='lat' dir='ltr'>et</span> <span class='ocrx_word' id='word_1_186' title='bbox 964 2381 1081 2467; x_wconf 82' lang='lat' dir='ltr'>egredi,</span> <span class='ocrx_word' id='word_1_187' title='bbox 1106 2381 1232 2470; x_wconf 89' lang='lat' dir='ltr'>quaudo</span> <span class='ocrx_word' id='word_1_188' title='bbox 1255 2382 1374 2450; x_wconf 90' lang='lat' dir='ltr'>volunt.</span> <span class='ocrx_word' id='word_1_189' title='bbox 1421 2383 1503 2450; x_wconf 88' lang='lat' dir='ltr'>Nam</span> <span class='ocrx_word' id='word_1_190' title='bbox 1528 2384 1597 2448; x_wconf 87' lang='lat' dir='ltr'>sine</span> 
     </span>
     <span class='ocr_line' id='line_1_22' title="bbox 334 2470 1596 2558; baseline -0.001 -21"><span class='ocrx_word' id='word_1_191' title='bbox 334 2485 440 2538; x_wconf 91' lang='lat' dir='ltr'>vestro</span> <span class='ocrx_word' id='word_1_192' title='bbox 464 2471 601 2551; x_wconf 88' lang='lat' dir='ltr'>arbitrio,</span> <span class='ocrx_word' id='word_1_193' title='bbox 631 2470 742 2558; x_wconf 92' lang='lat' dir='ltr'>quibus</span> <span class='ocrx_word' id='word_1_194' title='bbox 765 2471 849 2537; x_wconf 90' lang='lat' dir='ltr'>vices</span> <span class='ocrx_word' id='word_1_195' title='bbox 874 2494 960 2536; x_wconf 89' lang='lat' dir='ltr'>meas</span> <span class='ocrx_word' id='word_1_196' title='bbox 984 2471 1015 2536; x_wconf 89' lang='lat' dir='ltr'>in</span> <span class='ocrx_word' id='word_1_197' title='bbox 1041 2471 1097 2536; x_wconf 89' lang='lat' dir='ltr'>hac</span> <span class='ocrx_word' id='word_1_198' title='bbox 1120 2483 1207 2558; x_wconf 77' lang='lat' dir='ltr'>parte</span> <span class='ocrx_word' id='word_1_199' title='bbox 1232 2472 1412 2552; x_wconf 90' lang='lat' dir='ltr'>committo,</span> <span class='ocrx_word' id='word_1_200' title='bbox 1442 2471 1596 2538; x_wconf 86' lang='lat' dir='ltr'>divertere</span> 
     </span>
     <span class='ocr_line' id='line_1_23' title="bbox 334 2558 1595 2646; baseline -0.003 -20"><span class='ocrx_word' id='word_1_201' title='bbox 334 2582 400 2626; x_wconf 89' lang='lat' dir='ltr'>uon</span> <span class='ocrx_word' id='word_1_202' title='bbox 430 2558 596 2625; x_wconf 90' lang='lat' dir='ltr'>debebunt.</span> <span class='ocrx_word' id='word_1_203' title='bbox 644 2559 676 2624; x_wconf 84' lang='lat' dir='ltr'>Si</span> <span class='ocrx_word' id='word_1_204' title='bbox 705 2559 810 2624; x_wconf 92' lang='lat' dir='ltr'>minus</span> <span class='ocrx_word' id='word_1_205' title='bbox 841 2560 948 2645; x_wconf 88' lang='lat' dir='ltr'>scripsi</span> <span class='ocrx_word' id='word_1_206' title='bbox 974 2579 1004 2624; x_wconf 91' lang='lat' dir='ltr'>et</span> <span class='ocrx_word' id='word_1_207' title='bbox 1035 2581 1100 2626; x_wconf 94' lang='lat' dir='ltr'>non</span> <span class='ocrx_word' id='word_1_208' title='bbox 1129 2582 1211 2639; x_wconf 92' lang='lat' dir='ltr'>sum,</span> <span class='ocrx_word' id='word_1_209' title='bbox 1240 2582 1301 2646; x_wconf 90' lang='lat' dir='ltr'>que</span> <span class='ocrx_word' id='word_1_210' title='bbox 1329 2559 1366 2625; x_wconf 90' lang='lat' dir='ltr'>ad</span> <span class='ocrx_word' id='word_1_211' title='bbox 1396 2560 1595 2625; x_wconf 88' lang='lat' dir='ltr'>honestatem</span> 
     </span>
     <span class='ocr_line' id='line_1_24' title="bbox 334 2645 1597 2734; baseline -0.002 -21"><span class='ocrx_word' id='word_1_212' title='bbox 334 2646 453 2714; x_wconf 88' lang='lat' dir='ltr'>ordinis</span> <span class='ocrx_word' id='word_1_213' title='bbox 477 2648 644 2734; x_wconf 89' lang='lat' dir='ltr'>pertinent,</span> <span class='ocrx_word' id='word_1_214' title='bbox 668 2645 789 2732; x_wconf 87' lang='lat' dir='ltr'>singola</span> <span class='ocrx_word' id='word_1_215' title='bbox 812 2659 1011 2733; x_wconf 87' lang='lat' dir='ltr'>prosequtus,</span> <span class='ocrx_word' id='word_1_216' title='bbox 1041 2647 1125 2712; x_wconf 87' lang='lat' dir='ltr'>iusta</span> <span class='ocrx_word' id='word_1_217' title='bbox 1152 2645 1257 2712; x_wconf 89' lang='lat' dir='ltr'>datam</span> <span class='ocrx_word' id='word_1_218' title='bbox 1279 2646 1369 2712; x_wconf 91' lang='lat' dir='ltr'>vobis</span> <span class='ocrx_word' id='word_1_219' title='bbox 1392 2670 1409 2712; x_wconf 91' lang='lat' dir='ltr'>a</span> <span class='ocrx_word' id='word_1_220' title='bbox 1430 2647 1502 2712; x_wconf 90' lang='lat' dir='ltr'>Deo</span> <span class='ocrx_word' id='word_1_221' title='bbox 1526 2669 1597 2733; x_wconf 89' lang='lat' dir='ltr'>pru-</span> 
     </span>
     <span class='ocr_line' id='line_1_25' title="bbox 334 2732 1597 2821; baseline -0.002 -20"><span class='ocrx_word' id='word_1_222' title='bbox 334 2734 472 2801; x_wconf 90' lang='lat' dir='ltr'>dentiam</span> <span class='ocrx_word' id='word_1_223' title='bbox 497 2735 673 2821; x_wconf 90' lang='lat' dir='ltr'>suppleatis.</span> <span class='ocrx_word' id='word_1_224' title='bbox 714 2733 847 2800; x_wconf 86' lang='lat' dir='ltr'>Gratum</span> <span class='ocrx_word' id='word_1_225' title='bbox 865 2736 950 2798; x_wconf 91' lang='lat' dir='ltr'>enim</span> <span class='ocrx_word' id='word_1_226' title='bbox 977 2733 1077 2799; x_wconf 88' lang='lat' dir='ltr'>lnbeo</span> <span class='ocrx_word' id='word_1_227' title='bbox 1101 2745 1194 2821; x_wconf 89' lang='lat' dir='ltr'>atque</span> <span class='ocrx_word' id='word_1_228' title='bbox 1218 2746 1330 2815; x_wconf 89' lang='lat' dir='ltr'>ratum,</span> <span class='ocrx_word' id='word_1_229' title='bbox 1355 2732 1501 2821; x_wconf 92' lang='lat' dir='ltr'>quicquid</span> <span class='ocrx_word' id='word_1_230' title='bbox 1525 2756 1597 2819; x_wconf 89' lang='lat' dir='ltr'>ege-</span> 
     </span>
     <span class='ocr_line' id='line_1_26' title="bbox 334 2820 1596 2906; baseline -0.002 -20"><span class='ocrx_word' id='word_1_231' title='bbox 334 2823 399 2888; x_wconf 91' lang='lat' dir='ltr'>ritis</span> <span class='ocrx_word' id='word_1_232' title='bbox 423 2821 471 2887; x_wconf 91' lang='lat' dir='ltr'>vel</span> <span class='ocrx_word' id='word_1_233' title='bbox 495 2822 711 2906; x_wconf 88' lang='lat' dir='ltr'>disposueritis</span> <span class='ocrx_word' id='word_1_234' title='bbox 741 2821 772 2885; x_wconf 91' lang='lat' dir='ltr'>in</span> <span class='ocrx_word' id='word_1_235' title='bbox 802 2822 971 2906; x_wconf 90' lang='lat' dir='ltr'>premissis,</span> <span class='ocrx_word' id='word_1_236' title='bbox 1001 2820 1196 2906; x_wconf 85' lang='lat' dir='ltr'>presentibus</span> <span class='ocrx_word' id='word_1_237' title='bbox 1225 2834 1298 2906; x_wconf 91' lang='lat' dir='ltr'>post</span> <span class='ocrx_word' id='word_1_238' title='bbox 1320 2844 1438 2886; x_wconf 89' lang='lat' dir='ltr'>annum</span> <span class='ocrx_word' id='word_1_239' title='bbox 1464 2822 1596 2886; x_wconf 86' lang='lat' dir='ltr'>minime</span> 
     </span>
     <span class='ocr_line' id='line_1_27' title="bbox 334 2905 1217 2991; baseline -0.003 -18"><span class='ocrx_word' id='word_1_240' title='bbox 334 2907 480 2974; x_wconf 90' lang='lat' dir='ltr'>valituris.</span> <span class='ocrx_word' id='word_1_241' title='bbox 527 2907 644 2972; x_wconf 91' lang='lat' dir='ltr'>Datum</span> <span class='ocrx_word' id='word_1_242' title='bbox 669 2908 699 2971; x_wconf 93' lang='lat' dir='ltr'>in</span> <span class='ocrx_word' id='word_1_243' title='bbox 724 2905 894 2991; x_wconf 89' lang='lat' dir='ltr'>Vriburg0,</span> <span class='ocrx_word' id='word_1_244' title='bbox 919 2930 1029 2972; x_wconf 89' lang='lat' dir='ltr'>mense</span> <span class='ocrx_word' id='word_1_245' title='bbox 1052 2905 1217 2971; x_wconf 82' lang='lat' dir='ltr'>februario</span> 
     </span>
    </p>
   </div>
   <div class='ocr_carea' id='block_1_3' title="bbox 333 3087 1595 3238">
    <p class='ocr_par' dir='ltr' id='par_1_3' title="bbox 333 3087 1595 3238">
     <span class='ocr_line' id='line_1_28' title="bbox 438 3087 1595 3166; baseline -0.002 -16"><span class='ocrx_word' id='word_1_246' title='bbox 438 3097 493 3151; x_wconf 90' lang='lat' dir='ltr'>Fol.</span> <span class='ocrx_word' id='word_1_247' title='bbox 519 3099 576 3165; x_wconf 88' lang='lat'>158.</span> <span class='ocrx_word' id='word_1_248' title='bbox 613 3087 686 3150; x_wconf 79' lang='lat' dir='ltr'>Uber</span> <span class='ocrx_word' id='word_1_249' title='bbox 709 3097 884 3166; x_wconf 80' lang='lat' dir='ltr'>Bedrt&#39;rclrung</span> <span class='ocrx_word' id='word_1_250' title='bbox 908 3097 955 3149; x_wconf 89' lang='lat' dir='ltr'>der</span> <span class='ocrx_word' id='word_1_251' title='bbox 979 3099 1077 3149; x_wconf 87' lang='lat' dir='ltr'>Bemer</span> <span class='ocrx_word' id='word_1_252' title='bbox 1101 3097 1291 3149; x_wconf 87' lang='lat' dir='ltr'>Dominilraner</span> <span class='ocrx_word' id='word_1_253' title='bbox 1314 3113 1358 3148; x_wconf 92' lang='lat' dir='ltr'>um</span> <span class='ocrx_word' id='word_1_254' title='bbox 1385 3097 1458 3148; x_wconf 88' lang='lat' dir='ltr'>diese</span> <span class='ocrx_word' id='word_1_255' title='bbox 1483 3097 1538 3148; x_wconf 87' lang='lat' dir='ltr'>Zeit</span> <span class='ocrx_word' id='word_1_256' title='bbox 1561 3098 1595 3148; x_wconf 87' lang='lat' dir='ltr'>ist</span> 
     </span>
     <span class='ocr_line' id='line_1_29' title="bbox 333 3185 560 3238; baseline 0 0"><span class='ocrx_word' id='word_1_257' title='bbox 333 3186 419 3238; x_wconf 90' lang='lat' dir='ltr'>nichts</span> <span class='ocrx_word' id='word_1_258' title='bbox 439 3185 560 3238; x_wconf 82' lang='lat' dir='ltr'>bekannt.</span> 
     </span>
    </p>
   </div>
   <div class='ocr_carea' id='block_1_4' title="bbox 931 3338 995 3409">
    <p class='ocr_par' dir='ltr' id='par_1_4' title="bbox 931 3338 995 3409">
     <span class='ocr_line' id='line_1_30' title="bbox 931 3338 995 3409; baseline 0.063 -4"><span class='ocrx_word' id='word_1_259' title='bbox 931 3338 995 3409; x_wconf 77' lang='lat'>108.</span> 
     </span>
    </p>
   </div>
   <div class='ocr_carea' id='block_1_5' title="bbox 334 3478 1597 3740">
    <p class='ocr_par' dir='ltr' id='par_1_5' title="bbox 334 3478 1597 3740">
     <span class='ocr_line' id='line_1_31' title="bbox 440 3478 1595 3566; baseline -0.003 -20"><span class='ocrx_word' id='word_1_260' title='bbox 440 3482 616 3566; x_wconf 72' lang='lat' dir='ltr'>Pruur&#39;uqial</span> <span class='ocrx_word' id='word_1_261' title='bbox 640 3478 829 3565; x_wconf 78' lang='lat' dir='ltr'>(Herlitana)</span> <span class='ocrx_word' id='word_1_262' title='bbox 856 3480 936 3565; x_wconf 79' lang='lat' dir='ltr'>gicht</span> <span class='ocrx_word' id='word_1_263' title='bbox 964 3481 1021 3544; x_wconf 80' lang='lat' dir='ltr'>den</span> <span class='ocrx_word' id='word_1_264' title='bbox 1053 3479 1238 3545; x_wconf 82' lang='lat' dir='ltr'>Schwestrru</span> <span class='ocrx_word' id='word_1_265' title='bbox 1267 3480 1319 3544; x_wconf 82' lang='lat' dir='ltr'>der</span> <span class='ocrx_word' id='word_1_266' title='bbox 1346 3479 1444 3544; x_wconf 77' lang='lat' dir='ltr'>sichen</span> <span class='ocrx_word' id='word_1_267' title='bbox 1478 3478 1595 3565; x_wconf 76' lang='lat' dir='ltr'>Strasr-</span> 
     </span>
     <span class='ocr_line' id='line_1_32' title="bbox 334 3565 1597 3653; baseline -0.004 -20"><span class='ocrx_word' id='word_1_268' title='bbox 334 3568 445 3653; x_wconf 71' lang='lat' dir='ltr'>liutger</span> <span class='ocrx_word' id='word_1_269' title='bbox 460 3565 880 3631; x_wconf 78' lang='lat' dir='ltr'>Duminilranerinneukldster</span> <span class='ocrx_word' id='word_1_270' title='bbox 901 3565 1289 3652; x_wconf 73' lang='lat' dir='ltr'>Verbalumgsmassvegelu</span> <span class='ocrx_word' id='word_1_271' title='bbox 1306 3567 1367 3652; x_wconf 76' lang='lat' dir='ltr'>fiir</span> <span class='ocrx_word' id='word_1_272' title='bbox 1390 3565 1437 3628; x_wconf 77' lang='lat' dir='ltr'>aie</span> <span class='ocrx_word' id='word_1_273' title='bbox 1458 3565 1524 3629; x_wconf 85' lang='lat' dir='ltr'>Zeit</span> <span class='ocrx_word' id='word_1_274' title='bbox 1547 3566 1597 3628; x_wconf 81' lang='lat' dir='ltr'>cles</span> 
     </span>
     <span class='ocr_line' id='line_1_33' title="bbox 334 3650 870 3740; baseline -0.006 -21"><span class='ocrx_word' id='word_1_275' title='bbox 334 3653 517 3720; x_wconf 83' lang='lat' dir='ltr'>Interdiktes.</span> <span class='ocrx_word' id='word_1_276' title='bbox 565 3650 664 3740; x_wconf 86' lang='lat'><em>(1289</em></span> <span class='ocrx_word' id='word_1_277' title='bbox 690 3652 870 3740; x_wconf 77' lang='lat' dir='ltr'>Frrllrjahr.)</span> 
     </span>
    </p>
   </div>
   <div class='ocr_carea' id='block_1_6' title="bbox 262 3773 1608 4910">
    <p class='ocr_par' dir='ltr' id='par_1_6' title="bbox 262 3773 1608 4910">
     <span class='ocr_line' id='line_1_34' title="bbox 439 3773 1594 3858; baseline -0.004 -16"><span class='ocrx_word' id='word_1_278' title='bbox 439 3778 598 3842; x_wconf 89' lang='lat' dir='ltr'>Priorissis</span> <span class='ocrx_word' id='word_1_279' title='bbox 619 3788 649 3842; x_wconf 90' lang='lat' dir='ltr'>et</span> <span class='ocrx_word' id='word_1_280' title='bbox 665 3774 826 3840; x_wconf 90' lang='lat' dir='ltr'>sororibus</span> <span class='ocrx_word' id='word_1_281' title='bbox 843 3776 1109 3841; x_wconf 89' lang='lat' dir='ltr'>monasteriorum</span> <span class='ocrx_word' id='word_1_282' title='bbox 1127 3793 1309 3840; x_wconf 90' lang='lat' dir='ltr'>sanctorum</span> <span class='ocrx_word' id='word_1_283' title='bbox 1327 3773 1436 3853; x_wconf 81' lang='lat' dir='ltr'>Marci,</span> <span class='ocrx_word' id='word_1_284' title='bbox 1450 3774 1594 3858; x_wconf 82' lang='lat' dir='ltr'>Agnetis,</span> 
     </span>
     <span class='ocr_line' id='line_1_35' title="bbox 334 3859 1594 3953; baseline -0.006 -22"><span class='ocrx_word' id='word_1_285' title='bbox 334 3865 479 3953; x_wconf 89' lang='lat' dir='ltr'>Nycolai,</span> <span class='ocrx_word' id='word_1_286' title='bbox 497 3865 654 3945; x_wconf 89' lang='lat' dir='ltr'>Katerine,</span> <span class='ocrx_word' id='word_1_287' title='bbox 671 3862 816 3943; x_wconf 86' lang='lat' dir='ltr'>Elizabet,</span> <span class='ocrx_word' id='word_1_288' title='bbox 833 3863 993 3944; x_wconf 87' lang='lat' dir='ltr'>lobannis,</span> <span class='ocrx_word' id='word_1_289' title='bbox 1011 3862 1187 3948; x_wconf 90' lang='lat' dir='ltr'>Margarete</span> <span class='ocrx_word' id='word_1_290' title='bbox 1210 3859 1409 3948; x_wconf 89' lang='lat' dir='ltr'>provincialis</span> <span class='ocrx_word' id='word_1_291' title='bbox 1426 3859 1465 3927; x_wconf 91' lang='lat' dir='ltr'>de</span> <span class='ocrx_word' id='word_1_292' title='bbox 1483 3859 1594 3940; x_wconf 91' lang='lat' dir='ltr'>modo,</span> 
     </span>
     <span class='ocr_line' id='line_1_36' title="bbox 334 3949 1592 4040; baseline -0.005 -22"><span class='ocrx_word' id='word_1_293' title='bbox 334 3951 500 4040; x_wconf 92' lang='lat' dir='ltr'>quomodo</span> <span class='ocrx_word' id='word_1_294' title='bbox 524 3976 558 4017; x_wconf 91' lang='lat' dir='ltr'>se</span> <span class='ocrx_word' id='word_1_295' title='bbox 581 3964 689 4018; x_wconf 87' lang='lat' dir='ltr'>tenere</span> <span class='ocrx_word' id='word_1_296' title='bbox 713 3950 856 4016; x_wconf 90' lang='lat' dir='ltr'>debeant.</span> <span class='ocrx_word' id='word_1_297' title='bbox 903 3951 946 4016; x_wconf 87' lang='lat' dir='ltr'>Ex</span> <span class='ocrx_word' id='word_1_298' title='bbox 971 3973 1010 4015; x_wconf 90' lang='lat' dir='ltr'>eo</span> <span class='ocrx_word' id='word_1_299' title='bbox 1034 3961 1190 4036; x_wconf 91' lang='lat' dir='ltr'>tempore,</span> <span class='ocrx_word' id='word_1_300' title='bbox 1219 3973 1282 4036; x_wconf 93' lang='lat' dir='ltr'>quo</span> <span class='ocrx_word' id='word_1_301' title='bbox 1313 3949 1455 4036; x_wconf 90' lang='lat' dir='ltr'>potentia</span> <span class='ocrx_word' id='word_1_302' title='bbox 1479 3949 1592 4014; x_wconf 92' lang='lat' dir='ltr'>civium</span> 
     </span>
     <span class='ocr_line' id='line_1_37' title="bbox 334 4036 1594 4125; baseline -0.002 -21"><span class='ocrx_word' id='word_1_303' title='bbox 334 4040 614 4125; x_wconf 84' lang='lat' dir='ltr'>Argentiuensium</span> <span class='ocrx_word' id='word_1_304' title='bbox 644 4039 751 4104; x_wconf 84' lang='lat' dir='ltr'>fratres</span> <span class='ocrx_word' id='word_1_305' title='bbox 781 4037 820 4104; x_wconf 92' lang='lat' dir='ltr'>de</span> <span class='ocrx_word' id='word_1_306' title='bbox 848 4039 971 4104; x_wconf 92' lang='lat' dir='ltr'>civitate</span> <span class='ocrx_word' id='word_1_307' title='bbox 1002 4040 1067 4124; x_wconf 90' lang='lat' dir='ltr'>ipsa</span> <span class='ocrx_word' id='word_1_308' title='bbox 1098 4039 1203 4117; x_wconf 88' lang='lat' dir='ltr'>eiecit,</span> <span class='ocrx_word' id='word_1_309' title='bbox 1233 4036 1330 4102; x_wconf 92' lang='lat' dir='ltr'>multe</span> <span class='ocrx_word' id='word_1_310' title='bbox 1360 4036 1489 4102; x_wconf 89' lang='lat' dir='ltr'>suborte</span> <span class='ocrx_word' id='word_1_311' title='bbox 1521 4050 1594 4102; x_wconf 89' lang='lat' dir='ltr'>sunt</span> 
     </span>
     <span class='ocr_line' id='line_1_38' title="bbox 333 4122 1593 4213; baseline -0.003 -22"><span class='ocrx_word' id='word_1_312' title='bbox 333 4127 515 4213; x_wconf 90' lang='lat' dir='ltr'>questiones</span> <span class='ocrx_word' id='word_1_313' title='bbox 540 4125 630 4191; x_wconf 89' lang='lat' dir='ltr'>etad</span> <span class='ocrx_word' id='word_1_314' title='bbox 656 4148 708 4190; x_wconf 89' lang='lat' dir='ltr'>me</span> <span class='ocrx_word' id='word_1_315' title='bbox 732 4124 861 4190; x_wconf 88' lang='lat' dir='ltr'>diversis</span> <span class='ocrx_word' id='word_1_316' title='bbox 885 4125 1001 4211; x_wconf 87' lang='lat' dir='ltr'>perlate</span> <span class='ocrx_word' id='word_1_317' title='bbox 1022 4125 1151 4204; x_wconf 90' lang='lat' dir='ltr'>vicibus,</span> <span class='ocrx_word' id='word_1_318' title='bbox 1181 4124 1292 4210; x_wconf 91' lang='lat' dir='ltr'>quibus</span> <span class='ocrx_word' id='word_1_319' title='bbox 1315 4122 1475 4210; x_wconf 91' lang='lat' dir='ltr'>respondi,</span> <span class='ocrx_word' id='word_1_320' title='bbox 1499 4143 1593 4210; x_wconf 88' lang='lat' dir='ltr'>prout</span> 
     </span>
     <span class='ocr_line' id='line_1_39' title="bbox 333 4209 1594 4299; baseline -0.002 -21"><span class='ocrx_word' id='word_1_321' title='bbox 333 4215 432 4299; x_wconf 91' lang='lat' dir='ltr'>potui,</span> <span class='ocrx_word' id='word_1_322' title='bbox 457 4214 584 4279; x_wconf 90' lang='lat' dir='ltr'>mittens</span> <span class='ocrx_word' id='word_1_323' title='bbox 612 4213 727 4278; x_wconf 91' lang='lat' dir='ltr'>litteras</span> <span class='ocrx_word' id='word_1_324' title='bbox 752 4213 824 4278; x_wconf 88' lang='lat' dir='ltr'>binc</span> <span class='ocrx_word' id='word_1_325' title='bbox 849 4230 879 4278; x_wconf 90' lang='lat' dir='ltr'>et</span> <span class='ocrx_word' id='word_1_326' title='bbox 909 4211 993 4292; x_wconf 92' lang='lat' dir='ltr'>inde,</span> <span class='ocrx_word' id='word_1_327' title='bbox 1022 4235 1097 4299; x_wconf 92' lang='lat' dir='ltr'>quas</span> <span class='ocrx_word' id='word_1_328' title='bbox 1127 4212 1152 4276; x_wconf 91' lang='lat' dir='ltr'>si</span> <span class='ocrx_word' id='word_1_329' title='bbox 1181 4209 1271 4278; x_wconf 90' lang='lat' dir='ltr'>vobis</span> <span class='ocrx_word' id='word_1_330' title='bbox 1301 4211 1594 4276; x_wconf 89' lang='lat' dir='ltr'>communicassetis</span> 
     </span>
     <span class='ocr_line' id='line_1_40' title="bbox 333 4296 1595 4384; baseline -0.002 -19"><span class='ocrx_word' id='word_1_331' title='bbox 333 4313 456 4381; x_wconf 93' lang='lat' dir='ltr'>mutuo,</span> <span class='ocrx_word' id='word_1_332' title='bbox 473 4300 512 4366; x_wconf 91' lang='lat' dir='ltr'>de</span> <span class='ocrx_word' id='word_1_333' title='bbox 537 4300 636 4366; x_wconf 93' lang='lat' dir='ltr'>modo</span> <span class='ocrx_word' id='word_1_334' title='bbox 653 4299 779 4367; x_wconf 90' lang='lat' dir='ltr'>vivendi</span> <span class='ocrx_word' id='word_1_335' title='bbox 798 4312 832 4366; x_wconf 92' lang='lat' dir='ltr'>ut</span> <span class='ocrx_word' id='word_1_336' title='bbox 855 4323 939 4365; x_wconf 92' lang='lat' dir='ltr'>nunc</span> <span class='ocrx_word' id='word_1_337' title='bbox 955 4301 1028 4366; x_wconf 86' lang='lat' dir='ltr'>satis</span> <span class='ocrx_word' id='word_1_338' title='bbox 1052 4300 1162 4364; x_wconf 91' lang='lat' dir='ltr'>instrui</span> <span class='ocrx_word' id='word_1_339' title='bbox 1178 4300 1337 4384; x_wconf 85' lang='lat' dir='ltr'>poteratis.</span> <span class='ocrx_word' id='word_1_340' title='bbox 1377 4296 1430 4363; x_wconf 88' lang='lat' dir='ltr'>Set</span> <span class='ocrx_word' id='word_1_341' title='bbox 1455 4299 1536 4384; x_wconf 92' lang='lat' dir='ltr'>quia,</span> <span class='ocrx_word' id='word_1_342' title='bbox 1560 4310 1595 4363; x_wconf 89' lang='lat' dir='ltr'>ut</span> 
     </span>
     <span class='ocr_line' id='line_1_41' title="bbox 332 4385 1595 4476; baseline -0.005 -22"><span class='ocrx_word' id='word_1_343' title='bbox 332 4388 474 4469; x_wconf 91' lang='lat' dir='ltr'>arbitror,</span> <span class='ocrx_word' id='word_1_344' title='bbox 504 4387 605 4476; x_wconf 88' lang='lat' dir='ltr'>alique</span> <span class='ocrx_word' id='word_1_345' title='bbox 628 4387 667 4454; x_wconf 91' lang='lat' dir='ltr'>ad</span> <span class='ocrx_word' id='word_1_346' title='bbox 690 4411 748 4454; x_wconf 95' lang='lat' dir='ltr'>vos</span> <span class='ocrx_word' id='word_1_347' title='bbox 776 4410 842 4452; x_wconf 90' lang='lat' dir='ltr'>non</span> <span class='ocrx_word' id='word_1_348' title='bbox 866 4399 1031 4468; x_wconf 89' lang='lat' dir='ltr'>venerunt,</span> <span class='ocrx_word' id='word_1_349' title='bbox 1060 4385 1160 4474; x_wconf 85' lang='lat' dir='ltr'>alique</span> <span class='ocrx_word' id='word_1_350' title='bbox 1184 4408 1283 4472; x_wconf 86' lang='lat' dir='ltr'>gnaro</span> <span class='ocrx_word' id='word_1_351' title='bbox 1314 4386 1484 4471; x_wconf 87' lang='lat' dir='ltr'>interprete</span> <span class='ocrx_word' id='word_1_352' title='bbox 1509 4407 1595 4449; x_wconf 88' lang='lat' dir='ltr'>caru·</span> 
     </span>
     <span class='ocr_line' id='line_1_42' title="bbox 333 4468 1594 4562; baseline -0.005 -20"><span class='ocrx_word' id='word_1_353' title='bbox 333 4488 433 4556; x_wconf 91' lang='lat' dir='ltr'>erunt,</span> <span class='ocrx_word' id='word_1_354' title='bbox 457 4475 607 4562; x_wconf 88' lang='lat' dir='ltr'>quasdam</span> <span class='ocrx_word' id='word_1_355' title='bbox 631 4475 742 4540; x_wconf 89' lang='lat' dir='ltr'>abiecit</span> <span class='ocrx_word' id='word_1_356' title='bbox 766 4473 967 4559; x_wconf 86' lang='lat' dir='ltr'>negligentia,</span> <span class='ocrx_word' id='word_1_357' title='bbox 992 4494 1109 4540; x_wconf 89' lang='lat' dir='ltr'>ceteras</span> <span class='ocrx_word' id='word_1_358' title='bbox 1126 4472 1244 4539; x_wconf 93' lang='lat' dir='ltr'>oblivio</span> <span class='ocrx_word' id='word_1_359' title='bbox 1268 4471 1420 4558; x_wconf 88' lang='lat' dir='ltr'>sepelivit,</span> <span class='ocrx_word' id='word_1_360' title='bbox 1445 4468 1594 4536; x_wconf 88' lang='lat' dir='ltr'>omnibus</span> 
     </span>
     <span class='ocr_line' id='line_1_43' title="bbox 331 4556 1608 4650; baseline -0.005 -22"><span class='ocrx_word' id='word_1_361' title='bbox 331 4563 450 4643; x_wconf 90' lang='lat' dir='ltr'>litteris,</span> <span class='ocrx_word' id='word_1_362' title='bbox 475 4585 551 4650; x_wconf 91' lang='lat' dir='ltr'>quas</span> <span class='ocrx_word' id='word_1_363' title='bbox 575 4563 725 4628; x_wconf 88' lang='lat' dir='ltr'>hactenus</span> <span class='ocrx_word' id='word_1_364' title='bbox 748 4561 839 4628; x_wconf 92' lang='lat' dir='ltr'>vobis</span> <span class='ocrx_word' id='word_1_365' title='bbox 863 4563 944 4640; x_wconf 89' lang='lat' dir='ltr'>misi,</span> <span class='ocrx_word' id='word_1_366' title='bbox 967 4562 1133 4641; x_wconf 86' lang='lat' dir='ltr'>revocatis,</span> <span class='ocrx_word' id='word_1_367' title='bbox 1157 4562 1189 4624; x_wconf 93' lang='lat' dir='ltr'>in</span> <span class='ocrx_word' id='word_1_368' title='bbox 1213 4560 1279 4625; x_wconf 90' lang='lat' dir='ltr'>istis</span> <span class='ocrx_word' id='word_1_369' title='bbox 1302 4558 1393 4625; x_wconf 95' lang='lat' dir='ltr'>vobis</span> <span class='ocrx_word' id='word_1_370' title='bbox 1416 4556 1608 4644; x_wconf 25' lang='lat' dir='ltr'>significare·</span> 
     </span>
     <span class='ocr_line' id='line_1_44' title="bbox 332 4643 1595 4737; baseline -0.006 -21"><span class='ocrx_word' id='word_1_371' title='bbox 332 4651 446 4730; x_wconf 90' lang='lat' dir='ltr'>curavi,</span> <span class='ocrx_word' id='word_1_372' title='bbox 470 4649 601 4737; x_wconf 91' lang='lat' dir='ltr'>qualiter</span> <span class='ocrx_word' id='word_1_373' title='bbox 625 4647 806 4715; x_wconf 88' lang='lat' dir='ltr'>custodiatis</span> <span class='ocrx_word' id='word_1_374' title='bbox 836 4649 1051 4713; x_wconf 90' lang='lat' dir='ltr'>innocentiam</span> <span class='ocrx_word' id='word_1_375' title='bbox 1077 4659 1107 4714; x_wconf 91' lang='lat' dir='ltr'>et</span> <span class='ocrx_word' id='word_1_376' title='bbox 1130 4646 1291 4712; x_wconf 90' lang='lat' dir='ltr'>declinetis</span> <span class='ocrx_word' id='word_1_377' title='bbox 1316 4645 1482 4710; x_wconf 87' lang='lat' dir='ltr'>offensam.</span> <span class='ocrx_word' id='word_1_378' title='bbox 1529 4643 1595 4709; x_wconf 91' lang='lat' dir='ltr'>Pri-</span> 
     </span>
     <span class='ocr_line' id='line_1_45' title="bbox 262 4731 1595 4823; baseline -0.005 -20"><span class='ocrx_word' id='word_1_379' title='bbox 262 4772 264 4777; x_wconf 95' lang='lat'>·</span> <span class='ocrx_word' id='word_1_380' title='bbox 332 4761 419 4803; x_wconf 93' lang='lat' dir='ltr'>murn</span> <span class='ocrx_word' id='word_1_381' title='bbox 442 4739 535 4823; x_wconf 91' lang='lat' dir='ltr'>igitur</span> <span class='ocrx_word' id='word_1_382' title='bbox 552 4735 723 4816; x_wconf 87' lang='lat' dir='ltr'>admoneo,</span> <span class='ocrx_word' id='word_1_383' title='bbox 743 4759 783 4801; x_wconf 91' lang='lat' dir='ltr'>ne</span> <span class='ocrx_word' id='word_1_384' title='bbox 800 4736 1042 4801; x_wconf 89' lang='lat' dir='ltr'>communicetis</span> <span class='ocrx_word' id='word_1_385' title='bbox 1057 4735 1245 4799; x_wconf 88' lang='lat' dir='ltr'>nominatim</span> <span class='ocrx_word' id='word_1_386' title='bbox 1264 4731 1546 4798; x_wconf 89' lang='lat' dir='ltr'>excommunicatis</span> <span class='ocrx_word' id='word_1_387' title='bbox 1563 4751 1595 4796; x_wconf 89' lang='lat' dir='ltr'>et</span> 
     </span>
     <span class='ocr_line' id='line_1_46' title="bbox 331 4820 1592 4910; baseline -0.005 -22"><span class='ocrx_word' id='word_1_388' title='bbox 331 4824 514 4904; x_wconf 90' lang='lat' dir='ltr'>interdictis,</span> <span class='ocrx_word' id='word_1_389' title='bbox 538 4825 684 4902; x_wconf 85' lang='lat' dir='ltr'>scientes,</span> <span class='ocrx_word' id='word_1_390' title='bbox 708 4821 804 4910; x_wconf 93' lang='lat' dir='ltr'>quod,</span> <span class='ocrx_word' id='word_1_391' title='bbox 829 4823 854 4886; x_wconf 91' lang='lat' dir='ltr'>si</span> <span class='ocrx_word' id='word_1_392' title='bbox 879 4822 940 4888; x_wconf 83' lang='lat' dir='ltr'>ltoc</span> <span class='ocrx_word' id='word_1_393' title='bbox 963 4820 1109 4901; x_wconf 81' lang='lat' dir='ltr'>feceritis,</span> <span class='ocrx_word' id='word_1_394' title='bbox 1134 4822 1165 4885; x_wconf 92' lang='lat' dir='ltr'>in</span> <span class='ocrx_word' id='word_1_395' title='bbox 1183 4830 1403 4905; x_wconf 90' lang='lat' dir='ltr'>contemptum</span> <span class='ocrx_word' id='word_1_396' title='bbox 1427 4829 1592 4904; x_wconf 88' lang='lat' dir='ltr'>peccatum</span> 
     </span>
    </p>
   </div>
   <div class='ocr_carea' id='block_1_7' title="bbox 0 0 1916 5592">
    <p class='ocr_par' dir='ltr' id='par_1_7' title="bbox 0 0 1916 5592">
     <span class='ocr_line' id='line_1_47' title="bbox 0 0 1916 5592; baseline 0 1"><span class='ocrx_word' id='word_1_397' title='bbox 0 0 1916 5592; x_wconf 95' lang='lat' dir='ltr'> </span> 
     </span>
    </p>
   </div>
  </div>
 </body>
</html>
