3822 5592
375 637 436 682 110
954 633 1049 687 Briefe.
1518 633 1540 702 J.
1553 595 1637 686 ¹1288.
1685 617 1687 623 ⁸

371 811 388 853 a
411 786 550 875 pluribus
574 787 757 870 deferretur,
781 799 955 869 notaretur,
980 790 1215 868 conveniretur,
1241 811 1406 854 censuram
1429 788 1637 876 capitulorum

372 875 526 956 extimuit,
543 873 617 962 fuge
634 877 768 962 captavit
784 874 1028 964 compendium,
1047 874 1087 941 ad
1103 873 1237 942 domum
1255 875 1503 942 Cisterciensem
1520 873 1639 942 scilicet

371 961 402 1026 in
420 960 593 1028 Eberacum
616 985 650 1028 se
667 961 811 1044 contulit,
835 963 990 1048 cogitans,
1014 960 1102 1063 quod
1124 962 1156 1026 in
1176 963 1250 1027 ocio
1267 959 1552 1048 contemplacionis
1569 961 1638 1048 plus

371 1045 541 1134 proficeret
564 1071 659 1136 quam
686 1050 719 1114 in
749 1049 886 1135 negocio
910 1050 1059 1114 accioms.
1098 1047 1136 1114 Et
1159 1048 1186 1114 si
1210 1047 1391 1134 hujusmodi
1420 1049 1467 1114 sui
1491 1049 1639 1115 transitus

371 1134 511 1285 priorem
535 1158 628 1201 suum
645 1134 804 1217 ordinem,
827 1158 891 1223 quo
915 1158 949 1203 se
972 1137 1127 1222 imparem
1150 1137 1315 1222 reputavit,
1339 1137 1371 1200 in
1391 1133 1496 1223 aliquo
1519 1145 1639 1222 pertur-

392 1239 485 1303 asset,
508 1223 635 1288 veniam
659 1223 763 1309 peciit,
791 1244 920 1288 necnon
945 1234 979 1288 ut
1001 1223 1087 1310 prior
1110 1221 1310 1307 provincialis
1337 1219 1514 1288 antedictus
1537 1233 1638 1288 ratum

357 1305 511 1388 haberet,
534 1307 621 1396 quod
645 1307 683 1374 ad
707 1307 799 1374 aliam
822 1308 1011 1394 religionem
1035 1331 1069 1374 se
1085 1307 1252 1388 transtulit,
1276 1307 1436 1374 humiliter
1459 1307 1639 1394 postulavit,

371 1394 562 1480 promittens
585 1417 619 1460 se
643 1395 675 1459 in
699 1412 791 1461 antea
814 1396 858 1461 sic
881 1395 1049 1476 victurum,
1079 1393 1166 1482 quod
1191 1416 1324 1460 omnem
1348 1395 1510 1460 racionem
1536 1394 1640 1461 exclu-

288 1489 291 1508 ‘
372 1477 460 1548 deret
483 1491 515 1547 et
530 1479 682 1548 beneficia
702 1479 863 1548 beneficiis
879 1493 1059 1582 coequaret.
1102 1482 1200 1548 Cuius
1219 1478 1482 1631 su(p){plicacioni
1498 1479 1640 1548 faventes

372 1587 498 1648 omnes,
521 1568 574 1654 qui
590 1565 729 1648 aderant,
750 1579 781 1635 et
796 1579 831 1634 ut
847 1566 1061 1634 exauditionis
1077 1579 1252 1633 meteretur
1267 1590 1304 1632 su
1330 1567 1463 1652 ragiunt,
1477 1578 1638 1654 optantes,

372 1652 556 1740 reputabant
583 1655 692 1742 pietati
718 1652 787 1720 fore
815 1677 1008 1738 consonum,
1036 1655 1061 1720 si
1091 1653 1320 1742 proveheretur
1350 1652 1388 1720 ad
1421 1653 1637 1720 exaudicionis

347 1794 348 1798 ,
371 1742 504 1827 gratiam
528 1753 641 1808 votum
665 1741 763 1828 pium.
806 1742 907 1810 Porro
930 1741 1068 1829 prefatus
1091 1742 1178 1828 prior
1200 1740 1400 1828 provincialis
1424 1741 1641 1830 sic-multipli-

349 1857 351 1860 ·
373 1828 448 1894 catis
472 1827 731 1895 intercessoribus
747 1851 873 1896 morem
889 1831 997 1916 gessit,
1021 1827 1108 1916 quod
1125 1827 1260 1894 cautelas
1283 1850 1342 1916 pro
1365 1851 1425 1894 suo
1442 1827 1555 1895 ordine
1571 1851 1639 1894 non

364 1909 563 2003 ·remisit(?).
588 1915 777 2003 ·Requisivit
800 1917 897 1998 enim,
920 1914 1007 2004 quod
1031 1914 1208 2004 sepedictus
1232 1915 1326 1982 frater
1349 1915 1509 1981 Iohannes
1533 1937 1568 1981 se
1591 1938 1638 1981 ar·

372 1999 467 2068 bitrio
490 2024 550 2067 suo
572 2003 788 2070 committeret
807 2002 935 2070 libertus
954 2000 1166 2069 ordinandum
1190 2013 1221 2068 et
1239 1999 1326 2089 quod
1345 2001 1385 2068 de
1403 2003 1547 2089 receptis,
1565 2025 1637 2068 cum

373 2089 621 2160 amministraret
633 2087 781 2156 fabricam
799 2087 914 2156 domus
930 2089 1154 2242 Erbipolensis,
1170 2089 1284 2155 iustam
1300 2086 1449 2155 redderet
1464 2090 1638 2169 racionem,

373 2173 599 2242 nichilominus
628 2175 667 2244 de
697 2175 781 2242 libris
798 2187 842 2243 et
870 2175 962 2242 rebus
990 2201 1006 2242 a
1030 2175 1130 2244 ductis
1158 2176 1312 2242 iusticiam
1341 2174 1511 2246 exhiberet.
1557 2176 1636 2242 Item

372 2260 460 2349 quod
483 2260 585 2328 dictus
608 2262 766 2330 Iohannes
789 2264 822 2328 in
846 2262 933 2329 nullo
957 2263 1030 2328 loco
1054 2263 1239 2350 predicaret,
1263 2263 1357 2328 etiam
1382 2264 1409 2328 si
1431 2261 1489 2328 sibi
1513 2261 1576 2328 hoc
1599 2285 1638 2329 ex

373 2347 481 2414 officio
498 2361 706 2436 competeret,
722 2349 900 2437 ubicunque
911 2349 1147 2416 predicatorum
1165 2348 1246 2414 ordo
1263 2347 1398 2415 domurn
1414 2348 1552 2430 haberet,
1569 2371 1639 2450 pre·

373 2436 463 2524 cipue
491 2436 524 2502 in
546 2434 684 2539 Erbipoli
712 2447 744 2504 et
770 2435 954 2504 suburbanis
982 2439 1048 2504 eius
1078 2459 1138 2504 nec
1166 2434 1401 2517 confessiones,
1430 2437 1577 2523 precipue
1605 2459 1638 2502 m
1702 2496 1706 2503 .
1770 2433 1771 2440 '

339 2567 343 2572 ·
370 2521 609 2612 quadragesima
632 2547 698 2592 stve
722 2547 777 2612 per
800 2523 934 2592 modum
959 2524 1141 2591 collacionis
1164 2534 1217 2590 aut
1241 2522 1374 2604 consilii,
1407 2525 1507 2590 eciam
1531 2525 1557 2589 si
1580 2521 1638 2589 sibi

371 2611 434 2678 hoc
462 2633 501 2678 ex
524 2610 632 2679 officio
657 2624 864 2701 competeret,
893 2611 1014 2680 audiret
1041 2610 1168 2679 ibidem.
1208 2612 1246 2679 Et
1274 2609 1361 2700 quod
1390 2633 1448 2699 pro
1475 2633 1551 2698 pace
1575 2633 1640 2678 ser·

370 2698 472 2766 vanda
502 2702 715 2768 necessarium
744 2713 806 2783 est,
840 2703 942 2769 caveri
969 2700 1026 2767 sibi
1054 2699 1169 2781 voluit,
1200 2723 1241 2766 ne
1273 2697 1441 2786 religiosus
1469 2700 1516 2767 vir
1547 2697 1639 2766 abbas

372 2785 591 2870 Eberacensis,
625 2789 677 2877 qui
705 2787 789 2856 foret
815 2811 874 2876 pro
903 2807 1067 2876 tempore,
1098 2787 1219 2853 nullum
1247 2785 1374 2853 fratrem
1403 2785 1637 2854 Predicatorem

373 2894 439 2938 non
455 2872 655 2940 licenciatum
672 2871 709 2940 ab
725 2875 796 2961 ipso
812 2874 863 2942 vel
877 2896 1061 2940 successore
1078 2896 1137 2939 suo
1156 2873 1310 2959 reciperet
1325 2872 1376 2940 vel
1391 2874 1423 2938 iu
1439 2883 1506 2939 tota
1523 2871 1639 2947 domus

370 2981 427 3024 sue
450 2957 532 3024 linea
554 2960 651 3046 recipi
674 2971 866 3046 procuraret.
905 2961 974 3026 Hec
994 2960 1103 3024 omnia
1126 2968 1158 3024 et
1174 2957 1296 3044 singula
1319 2957 1516 3023 laudantibus
1540 2970 1572 3024 et
1587 2981 1637 3023 ac-

372 3043 567 3130 ceptantibus
590 3068 626 3111 ac
654 3045 887 3132 pollicitacione
910 3045 1079 3132 sollempni
1107 3043 1364 3131 promittentibus
1395 3041 1504 3110 abbate
1527 3043 1639 3116 Ebera-

299 3167 301 3172 ·
372 3131 459 3196 censi
482 3129 616 3197 domino
634 3183 641 3197 .
660 3183 667 3197 .
685 3143 716 3198 et
738 3131 881 3198 Iohanne
906 3131 945 3198 de
967 3133 1145 3218 Zouingen,
1168 3128 1305 3216 prefatus
1329 3131 1416 3217 prior
1437 3129 1638 3216 provincialis

371 3217 547 3284 licenciavit
562 3217 740 3284 Iohannem
756 3219 819 3284 iam
836 3217 955 3286 dictum
972 3241 989 3284 a
1004 3240 1063 3284 suo
1081 3216 1205 3298 ordine,
1226 3228 1260 3283 ut
1275 3217 1420 3282 transiret
1436 3215 1475 3282 ad
1491 3215 1638 3282 ordinem

372 3303 643 3385 Cisterciensium,
667 3306 795 3392 proviso
812 3303 898 3393 quod
918 3328 1036 3371 annum
1060 3303 1261 3391 probacionis
1285 3304 1448 3390 inciperet,
1472 3303 1569 3369 nichil
1591 3325 1639 3369 re-

372 3402 485 3478 putans
508 3409 644 3478 tempus,
668 3415 732 3480 quo
756 3391 810 3459 lite
832 3390 992 3479 pendente
1008 3390 1162 3459 cucullam
1184 3389 1346 3456 detulerat.
1384 3390 1470 3457 Nam
1493 3389 1566 3456 licet
1587 3389 1640 3456 ali-

373 3478 440 3543 enis
464 3489 641 3544 moraretur
663 3479 695 3544 in
719 3481 838 3559 castris,
862 3497 1052 3546 caracterem
1076 3477 1202 3544 abolere
1222 3499 1288 3542 nou
1312 3479 1416 3564 potuit
1439 3477 1541 3563 prime
1566 3499 1639 3564 pro-

372 3563 519 3631 fessionis
543 3587 602 3630 nec
629 3565 692 3652 legi
719 3563 913 3652 preiudicare
937 3565 1053 3631 milicie
1076 3564 1252 3652 spiritualis.
1291 3563 1346 3629 Set
1369 3575 1404 3630 ut
1434 3563 1511 3628 boni
1535 3566 1641 3650 operis

375 3673 483 3718 cursus
503 3662 592 3718 tanto
614 3651 671 3717 sibi
692 3650 782 3718 fieret
802 3651 994 3739 expedicior,
1018 3670 1137 3740 quanto
1159 3651 1382 3717 circumstante
1402 3648 1546 3737 pondere
1566 3650 1641 3716 libe-

373 3739 439 3804 rior
466 3737 664 3819 redderetur,
700 3737 879 3826 sepedictus
906 3741 993 3826 prior
1025 3737 1225 3826 provincialis
1253 3739 1355 3824 ipsum
1383 3760 1401 3803 a
1429 3737 1556 3804 vinculo
1589 3762 1641 3804 ex-

374 3826 679 3891 communicacionis
713 3825 862 3907 absolvit,
900 3825 987 3914 quod
1026 3827 1197 3891 incurrerat
1234 3847 1251 3890 a
1282 3847 1341 3889 suo
1372 3823 1485 3891 ordine
1520 3837 1641 3892 temere

374 3909 541 3978 deviando.
580 3911 616 3976 ln
632 3935 727 3998 quam
751 3915 942 3979 sententiam
962 3915 1065 3999 ipsum
1089 3934 1146 4013 per
1161 3909 1319 3999 quoslibet
1341 3913 1463 3998 priores
1480 3923 1639 3978 eteorum

373 3999 507 4064 vicarios
530 3996 638 4064 reduci
661 3998 821 4066 mandavit
844 4001 931 4086 prior
954 3997 1154 4086 provincialis
1178 3997 1366 4086 sepedictus,
1395 3999 1421 4063 si
1445 4009 1640 4065 memoratus

374 4083 467 4150 frater
490 4084 649 4150 Iohannes
673 4083 772 4151 nollet
795 4084 832 4150 ab
857 4086 978 4152 offensa
1002 4084 1239 4151 Predicatotum
1264 4083 1384 4150 ordinis
1406 4084 1572 4150 abstinere.

480 4500 660 4586 Prwinrial
675 4496 868 4590 (Hermann)
892 4499 986 4566 dankt
1009 4499 1075 4565 dem
1099 4522 1167 4564 vom
1186 4498 1439 4586 Generalltapitel¹
1455 4496 1502 4586 (in
1523 4493 1641 4586 Lacca)

374 4585 620 4654 heimkehrenden
644 4586 797 4676 Definitor
812 4589 875 4674 fair
896 4590 959 4653 sein
987 4586 1158 4652 Verbalten.
1205 4582 1306 4674 (1288
1329 4586 1407 4652 nach
1431 4586 1503 4652 Mai
1524 4583 1592 4674 24.)
1671 4613 1673 4620 ·

480 4690 654 4758 Diffinitori
670 4690 815 4759 redeunti
831 4690 871 4759 de
887 4690 1023 4779 capitulo
1040 4689 1248 4777 provincialis.
1278 4689 1310 4755 Si
1327 4691 1409 4757 inter
1424 4690 1507 4756 varia
1520 4690 1640 4756 viamm

375 4778 555 4845 discrimina
590 4803 663 4845 cum
696 4778 914 4846 incolumitate
942 4780 1049 4846 votiva
1082 4801 1245 4844 successus
1273 4799 1447 4864 prosperos
1481 4775 1640 4855 habuistis,

375 4864 501 4950 gaudeo
529 4867 561 4930 in
589 4865 723 4930 domino
748 4877 779 4932 et
807 4864 952 4951 gaudebo
980 4882 1088 4932 vestro
1116 4863 1264 4932 adventui
1291 4864 1418 4930 humilis
1447 4863 1641 4930 salutationis
