3822 5592
286 627 289 636 ¹
335 611 393 674 166
917 621 1011 678 Brit-se.
1171 637 1174 647 ·
1475 623 1497 694 J.
1520 639 1594 696 ¹294·

331 781 470 868 regulam
495 803 561 848 non
586 780 714 848 haberet
741 803 800 846 nec
824 797 911 846 certo
941 778 1153 866 gubernaculo
1176 779 1342 866 gauderet,
1371 779 1428 847 sub
1452 781 1593 867 diligenti

331 890 403 934 cura
426 868 614 934 nutrivimus
638 885 669 933 et
692 869 725 933 in
749 868 830 932 viam
855 865 1026 932 direximus
1048 865 1198 932 salutaris.
1243 865 1297 932 Set
1321 889 1396 932 ecce
1420 866 1595 934 dicentibus

310 953 436 1020 nobis:
466 977 525 1040 pax
553 965 584 1020 et
612 955 775 1034 securitas,
810 954 1004 1039 repentinus¹
1027 953 1207 1039 supervenit
1236 953 1397 1033 interitus,
1426 953 1512 1040 quod
1548 967 1595 1020 est

282 1107 284 1111 ,
331 1041 466 1105 amarior
489 1051 604 1120 morte,
629 1039 805 1125 calumpnia
828 1057 858 1104 et
882 1039 1033 1104 tumultus
1079 1061 1111 1104 er
1135 1037 1303 1103 domiuum
1318 1039 1595 1106 Wormaciensem

331 1127 518 1212 episcopum
540 1126 715 1192 suscitatus.
753 1125 836 1190 Nam
861 1126 924 1190 suis
940 1061 1121 1190 satellitibus
1145 1123 1268 1190 obsedit
1285 1123 1420 1191 domum
1444 1132 1595 1206 sanctam,

332 1214 472 1298 exigens,
495 1211 583 1299 quod
599 1235 672 1278 cure
696 1213 797 1278 nostri
812 1210 932 1278 ordinis
956 1234 1022 1277 non
1038 1209 1250 1292 intenderent,
1274 1223 1322 1278 set
1338 1211 1397 1277 sibi
1417 1213 1595 1299 manualem

331 1297 543 1366 obedientiam
569 1297 762 1364 exhiberent.
809 1297 934 1378 Quibus
957 1297 1221 1385 respondentibus
1245 1309 1276 1364 et
1299 1297 1485 1379 dicentibus,
1509 1299 1595 1386 quod

330 1386 441 1452 vestris
454 1384 605 1451 adherere
621 1386 776 1472 preceptis
788 1386 960 1464 vovissent,
977 1385 1206 1470 promisissent,
1222 1385 1387 1466 iurassent,
1405 1387 1595 1465 statuissent,

331 1472 417 1538 salvo
441 1483 548 1538 tamen
572 1471 638 1538 iure
667 1472 714 1536 sui
738 1470 924 1558 dyocesani,
957 1473 983 1536 si
1011 1469 1099 1558 quod
1122 1472 1151 1536 ei
1183 1483 1380 1556 competeret
1408 1473 1440 1536 in
1465 1469 1595 1552 eisdem,

330 1557 410 1624 sacte
426 1575 499 1624 sunt
515 1580 612 1625 voces
628 1569 660 1624 et
677 1558 827 1638 tonitrua,
852 1559 1013 1644 captiones
1030 1568 1061 1623 et
1076 1556 1215 1638 verbera,
1238 1559 1421 1638 tractiones,
1446 1555 1596 1710 αἶθρο-

330 1645 491 1726 liaciones,
507 1645 668 1730 sanguinis
685 1643 808 1724 ellusi0,
825 1643 971 1710 confusio
987 1643 1147 1710 facierum.
1183 1644 1276 1710 Facte
1297 1663 1371 1710 sunt
1387 1643 1489 1731 obpro
1513 1646 1595 1712 rium

313 1733 441 1798 vicinis
464 1733 543 1813 suis,
566 1731 769 1798 subsannatio
794 1751 825 1798 et
848 1730 968 1798 derisus
992 1732 1065 1813 hiis,
1094 1733 1146 1820 qui
1170 1733 1202 1798 iu
1226 1732 1356 1799 circuitu
1380 1744 1453 1800 sunt
1477 1755 1595 1799 earum.

331 1821 400 1888 Hec
423 1820 531 1887 omnia
547 1839 702 1887 venerunt
725 1843 819 1908 super
842 1843 893 1886 eas
917 1843 976 1887 nec
1000 1819 1096 1887 oblite
1120 1831 1193 1887 sunt
1208 1843 1266 1886 vos
1291 1833 1322 1887 et
1345 1821 1377 1886 in
1401 1831 1594 1888 testamento

331 1921 437 1976 vestro
461 1909 605 1998 nequiter
628 1931 695 1974 non
712 1920 854 1995 egerunt.
887 1908 1008 1974 Maiora
1023 1907 1082 1974 hiis
1105 1926 1280 1996 perpetrata
1296 1907 1453 1990 dicuntur,
1478 1920 1508 1976 et
1524 1910 1596 1998 quia
1639 1987 1643 1996 1

331 1995 391 2064 dici
421 1995 508 2064 salvo
543 1995 665 2084 pudore
699 2016 878 2085 nequeunt,
913 1997 1159 2150 sppprimuntur.
1213 1997 1282 2062 Hiis
1314 1995 1392 2078 dux,
1425 2009 1535 2064 auctor
1565 2009 1596 2064 et

331 2083 488 2152 mediator
503 2083 560 2151 fuit
576 2083 668 2150 abbas
691 2083 917 2152 Sconowensis
976 2085 1181 2151 orntaciensis
1198 2084 1354 2172 dyocesis,
1379 2085 1595 2151 cistersiensis

331 2171 466 2253 ordinis,
498 2173 584 2239 cuius
611 2183 788 2259 grassature
812 2173 957 2239 conversi
987 2173 1105 2259 proprii
1128 2171 1226 2239 fortes
1249 2171 1397 2246 auxiliarii
1421 2173 1594 2239 astiterunt.

331 2260 447 2327 Petunt
474 2261 568 2347 igitur
591 2273 622 2326 et
646 2271 811 2346 expetunt,
862 2259 964 2326 lorant
988 2271 1019 2326 et
1043 2272 1175 2326 exorant
1205 2261 1327 2326 ratione
1351 2258 1425 2326 fidei
1451 2259 1595 2340 ecclesie,

331 2370 389 2435 pro
414 2370 474 2436 qua
499 2346 659 2428 Christus,
682 2359 806 2414 utnon
831 2282 996 2428 deficeret,
1025 2348 1218 2428 intercessit,
1243 2359 1403 2434 optantes,
1427 2359 1461 2413 ut
1485 2348 1596 2414 citetur

332 2446 527 2502 memoratus
558 2435 725 2522 episcopus
749 2433 787 2500 ad
816 2435 950 2516 curiam,
983 2435 1128 2522 quatinus
1157 2433 1198 2500 ibi
1222 2433 1334 2516 tliscat,
1366 2453 1470 2501 utrum
1495 2435 1597 2500 maior

332 2520 507 2590 ordinarius
525 2521 671 2590 videlicet
695 2521 814 2608 legatus
837 2521 963 2610 aliquid,
986 2520 1073 2610 quod
1096 2520 1135 2588 ad
1158 2533 1273 2589 statum
1298 2521 1418 2588 bonum
1436 2521 1598 2609 religionis

331 2611 482 2700 pertinet,
513 2611 606 2676 etiam
635 2609 765 2676 nolente
790 2609 957 2697 episcop0,
986 2609 1085 2676 valeat
1115 2607 1269 2696 delegare.
1317 2610 1400 2676 Sciat
1423 2611 1534 2687 etiam,
1565 2609 1597 2675 in

331 2699 432 2765 securi
456 2712 487 2766 et
510 2699 592 2764 ascia
614 2699 721 2764 ianuas
745 2697 876 2764 ecclesie
900 2720 966 2763 non
991 2695 1182 2778 intrandum,
1207 2721 1318 2764 manus
1342 2695 1507 2783 sacrilegas
1531 2719 1597 2762 non

332 2784 522 2852 mittendum
546 2787 577 2850 in
594 2784 720 2866 velataS,
744 2787 868 2851 noverit
885 2808 1012 2872 quoque
1031 2785 1221 2872 apellationi,
1244 2809 1306 2872 que
1323 2785 1487 2850 consuevit
1505 2785 1598 2850 mise-

330 2894 440 2937 rorum
465 2894 533 2936 esse
556 2871 743 2951 remedium,
766 2893 783 2936 a
806 2893 933 2956 presunt
957 2869 1078 2936 toribus
1102 2869 1318 2936 deferendum.
1355 2869 1447 2935 Multi
1470 2892 1597 2956 quoque

331 2955 520 3045 persuadent
554 2958 793 3045 inquisitionem
827 2894 1002 3022 faciendam
1037 2979 1093 3044 per
1125 2957 1211 3022 viros
1242 2959 1391 3024 timentes
1426 2956 1532 3022 Deum
1565 2956 1597 3021 iu

332 3044 463 3132 dyocesi
491 3055 670 3132 prenotata,
701 3046 846 3132 quatinus
877 3045 908 3108 in
932 3045 997 3110 vias
1025 3043 1132 3131 planas
1155 3067 1277 3132 aspera,
1308 3045 1340 3110 in
1364 3043 1467 3110 lucent
1495 3041 1597 3108 abdita

331 3130 554 3220 producantur.
601 3131 643 3198 Su
668 3155 701 3198 er
729 3132 837 3197 onmia
867 3149 971 3197 autem
1002 3155 1040 3197 ex
1064 3131 1149 3198 edire
1178 3129 1313 3199 creditur
1364 3129 1537 3218 auperculis
1566 3141 1597 3196 et

331 3232 519 3308 tempestate
543 3155 702 3286 convulsis
726 3219 902 3306 exemptio,
929 3229 963 3286 ut
987 3155 1143 3286 malbrum
1167 3220 1283 3288 timore
1308 3155 1429 3286 sublato
1459 3219 1491 3284 in
1514 3236 1597 3284 tran-

332 3307 515 3397 quillitatem
540 3306 657 3396 placida
680 3305 744 3374 fide
767 3329 835 3373 non
858 3305 929 3373 ficta
953 3306 1085 3396 obsequi
1107 3306 1230 3375 valeant
1253 3308 1326 3376 Deo
1350 3329 1419 3374 sun.
1465 3305 1597 3393 Semper

331 3395 412 3462 bene
436 3395 535 3464 valeat
558 3407 661 3464 vestra
684 3397 852 3482 paternitas
876 3395 907 3461 in
933 3393 1067 3461 domino
1090 3397 1242 3481 graciosa.

332 3524 470 3531 —-·-..-..-.
477 3525 504 3530 φ..
509 3525 535 3530 ..-
540 3524 648 3529 ...un-...m

437 3569 493 3624 Fol.
516 3569 572 3641 196.
609 3569 817 3639 Vgl.Nr.154.
855 3569 910 3621 Der
936 3568 1076 3622 berulnnte
1095 3570 1237 3638 Theologe
1256 3569 1376 3622 Dietriclt
1400 3586 1454 3622 von
1472 3568 1600 3638 Freiburg

332 3656 424 3710 wurde
446 3672 511 3727 1293
538 3656 585 3710 auf
605 3656 667 3710 dem
691 3654 871 3724 Strassburger
889 3657 994 3726 Kapitcl
1020 3673 1079 3709 zum
1098 3655 1244 3709 Proviuzial
1265 3656 1383 3726 gewilrlt
1411 3655 1464 3708 und
1483 3655 1551 3708 blieb
1571 3671 1599 3708 es

332 3745 371 3796 us
392 3730 467 3810 nia.
505 3734 578 3797 Uber
596 3743 641 3797 ult
661 3743 714 3813 ugr.
728 3741 941 3804 olens-scutra
960 3744 979 3809 1,
1002 3759 1065 3811 5103
1084 3743 1151 3796 urst.
1171 3743 1219 3797 uu.
1233 3743 1344 3810 xxvn,
1365 3757 1482 3815 74-79;
1501 3743 1600 3812 Preger

333 3833 359 3884 in
379 3831 478 3884 Ztschr.
498 3830 514 3885 s.
529 3831 588 3884 bist.
602 3831 627 3883 T
629 3830 763 3900 heologie,
785 3829 865 3902 1869;
885 3830 950 3883 dnzu
963 3830 1069 3884 Denifle
1089 3832 1115 3884 in
1128 3831 1227 3884 Archiv
1247 3830 1264 3885 f.
1278 3829 1339 3884 Litt.
1358 3831 1411 3884 und
1424 3829 1483 3884 KG.
1499 3829 1522 3883 d.
1536 3829 1599 3884 MG.

333 3918 369 3983 ll,
393 3916 444 3970 622
465 3916 544 3971 Anm.
564 3931 588 3982 4.
626 3917 656 3970 Iu
675 3918 748 3970 einer
766 3917 916 3986 Rechnung
936 3934 1044 3970 unserer
1063 3917 1114 3972 HS.
1134 3917 1194 3986 (lol.
1217 3921 1313 3985 122v),
1336 3918 1377 3971 die
1396 3917 1493 3971 hochst
1511 3917 1598 3970 waltr-

332 4004 479 4058 scheinliclr
496 4003 562 4074 1276
582 4022 613 4057 zu
632 4013 723 4058 setzen
741 4005 782 4070 ist,
802 4003 873 4057 steht
892 4004 934 4057 die
954 4005 1048 4058 tlteste
1068 4006 1273 4076 biographisclre
1287 4005 1366 4060 Notiz
1386 4005 1450 4058 uber
1464 4005 1595 4058 Dietrich:

332 4092 400 4145 ltern
420 4091 492 4145 fratri
507 4091 676 4160 Tlhiderico)
694 4093 788 4145 lectori
803 4091 976 4162 Vriburgensi
995 4093 1111 4146 studenti
1129 4093 1243 4146 Parisius
1263 4093 1327 4146 duas
1346 4093 1467 4146 marchas
1487 4092 1598 4162 argenti.

331 4179 457 4232 Darnach
475 4180 508 4232 ist
521 4179 641 4232 Dietrich
660 4179 882 4232 waitrscheinlich
902 4179 987 4232 sciton
1001 4197 1050 4233 vor
1065 4195 1133 4247 ¹250
1145 4181 1265 4250 geboren
1285 4180 1337 4233 und
1352 4180 1417 4232 cilter
1435 4178 1473 4232 als
1493 4177 1597 4247 bislang

332 4281 533 4336 angenommen
552 4266 652 4320 wurde.

933 4405 999 4474 160.

438 4513 600 4580 Herrrrarm
622 4535 681 4579 von
697 4512 824 4579 Mirrden
848 4527 972 4578 eruerant
995 4515 1036 4578 riu
1052 4513 1207 4600 Arrstroge
1230 4513 1280 4578 des
1300 4512 1493 4598 Provirrqials
1516 4513 1601 4578 ainau

335 4600 517 4668 Gristlr'clren
549 4603 612 4688 arcs
640 4600 811 4685 Leberrszer't
842 4624 912 4686 (reru
941 4601 991 4666 Ka
1012 4600 1066 4666 lorr
1095 4603 1126 4666 in
1156 4601 1250 4665 cirtem
1280 4598 1512 4666 Fruttenkloster
1538 4599 1603 4664 arrd

330 4687 412 4776 gicht
434 4689 496 4754 ihm
525 4687 927 4776 Verbaltrmgsuurssregeln.
974 4613 1101 4777 dm)

434 4823 446 4861 ¹.
465 4847 472 4861 .
491 4795 588 4861 ‚Hoc
611 4805 716 4860 autem
734 4794 792 4860 erit
809 4815 889 4880 opus
904 4804 1055 4860 vestrum.
1091 4793 1221 4860 Missam
1238 4791 1442 4873 celebrabitis
1467 4803 1561 4879 prout
1584 4813 1601 4856 a

333 4883 491 4969 priorissa,
515 4881 563 4948 vel
587 4881 804 4968 suppriorissa,
829 4904 864 4946 ac
884 4883 977 4947 etiarn
995 4882 1131 4948 cautrice
1154 4879 1273 4947 fixeritis
1291 4881 1467 4967 requisitus.
1493 4879 1599 4945 Vitam
