3828 5590
935 599 1030 653 Briele.
1494 599 1516 669 J.
1540 599 1612 664 ¹2⁶4·

961 753 994 820 l2

457 874 703 962 Ordensgcneral
725 875 876 956 lohannes
897 876 1026 940 schreibt
1050 896 1091 940 att
1114 875 1161 939 die
1184 875 1340 961 Hergogin
1356 873 1533 962 (Adelhcid)
1555 897 1613 939 von

348 960 498 1040 Bra-bant,
521 961 617 1026 belobt
641 961 705 1026 ihre
728 959 885 1046 religibsen
901 961 1000 1026 Plhne
1024 961 1087 1026 und
1101 962 1267 1047 versprt'cht
1289 961 1338 1026 ihr
1356 960 1474 1027 Getae.
1510 958 1614 1046 (Paris

352 1049 435 1132 1264
458 1048 557 1136 Jtmi.)

454 1151 563 1218 Inclite
593 1174 628 1217 ac
656 1151 858 1216 serenissime
882 1149 1013 1217 domine
1043 1152 1104 1217 Dei
1133 1152 1231 1236 gratia
1259 1151 1381 1218 ducisse
1404 1150 1613 1236 Lothoringie

348 1261 383 1304 ac
407 1237 575 1304 Brabancie
599 1237 691 1303 frater
707 1236 905 1324 J(ohannes)
922 1237 961 1303 de
985 1239 1108 1324 pietatis
1131 1237 1304 1304 seminibus
1320 1240 1383 1304 vite
1406 1236 1524 1304 fructus
1567 1259 1614 1302 er—

318 1347 323 1356 ·
348 1325 452 1411 cipere
474 1325 678 1412 sempiterne.
725 1322 968 1410 Magnificencie
984 1337 1088 1390 vestre
1112 1325 1229 1392 litteras
1253 1349 1291 1391 ex
1314 1325 1488 1391 reverentia
1509 1260 1611 1390 debita

348 1435 421 1478 cuna
445 1414 561 1478 mentis
585 1410 736 1478 hilaritate
759 1431 918 1498 susceptas
943 1411 1004 1498 legi
1028 1411 1087 1478 feci
1111 1411 1254 1478 fratribus
1278 1423 1309 1478 et
1332 1412 1397 1478 aliis
1423 1411 1528 1478 multis
1546 1435 1614 1498 pre-

348 1500 487 1566 sentibus
504 1501 536 1564 in
560 1498 696 1585 capitulo
712 1499 861 1584 generali.
898 1499 947 1564 De
972 1523 1103 1586 quarum
1122 1501 1318 1565 continentia
1334 1500 1474 1585 comperi
1491 1498 1613 1585 plenius

348 1598 379 1652 et
402 1587 524 1672 accepi,
556 1584 643 1673 quod
667 1586 762 1651 vestri
790 1584 951 1737 quondam
982 1587 1041 1651 viri
1071 1586 1219 1672 gloriosis
1252 1598 1282 1652 et
1310 1608 1383 1652 acce
1406 1586 1445 1651 tis
1473 1585 1613 1672 vestigiis

347 1672 528 1739 inherentes
552 1695 696 1738 ainorem
720 1684 752 1738 et
775 1695 791 1738 a
812 1671 922 1738 'ectum
947 1673 1131 1758 specialem,
1178 1695 1251 1738 uem
1275 1672 1314 1739 ad
1337 1609 1483 1739 ordinem
1507 1672 1614 1740 habuit

347 1761 426 1826 etin
450 1783 505 1826 sua
520 1772 625 1826 morte
641 1771 799 1826 servatum
816 1759 993 1846 patentibus
1017 1759 1139 1826 indiciis
1155 1696 1384 1827 demonstravit
1406 1759 1488 1846 apud
1503 1757 1613 1826 fratres

347 1845 479 1912 eosdem
513 1847 672 1934 propriam
704 1846 823 1932 eligens
856 1845 1047 1932 sepulturam
1079 1869 1137 1913 vos
1169 1870 1241 1912 cum
1274 1870 1397 1913 summa
1433 1846 1612 1913 devocione

347 1946 508 2000 servantes
523 1956 540 1998 a
564 1931 605 1999 ud
621 1931 801 2019 sepedictos
817 1932 926 1999 fratres
949 1933 1066 2000 fecistis
1082 1933 1120 2000 ad
1144 1932 1347 2001 habitandum
1365 1933 1506 2000 construi
1522 1932 1612 1999 vobis

347 2020 491 2086 domum.
538 1956 639 2107 luper
662 2018 773 2107 quibus
796 2042 834 2084 ex
864 2043 903 2086 eo
928 2022 1087 2087 serenitati
1117 2034 1220 2088 vestre
1266 2022 1444 2086 otissimuni
1473 2042 1612 2105 congau-

347 2107 474 2188 demus,
503 2108 574 2194 quia
597 2107 656 2172 hec
680 2107 752 2172 Deo
781 2119 867 2192 grata
892 2106 1042 2194 obsequia
1072 2109 1129 2194 ipsi
1153 2127 1183 2173 et
1206 2044 1296 2174 vobis
1325 2108 1375 2173 bic
1400 2105 1438 2173 ad
1461 2107 1609 2172 meritum

347 2195 433 2260 etin
457 2193 595 2260 fiiturum
621 2192 715 2260 dante
738 2192 873 2259 domino
897 2196 1088 2280 provenient
1111 2193 1149 2260 ad
1173 2215 1337 2260 coronam.

451 2367 507 2422 Fol.
527 2378 596 2435 23¹¹.
633 2366 710 2420 Nacti
729 2365 790 2419 dein
810 2365 946 2420 Bittbriese
966 2367 1013 2419 der
1033 2367 1185 2420 Adressatin
1205 2366 1261 2421 Fol.
1282 2382 1312 2435 25
1324 2379 1338 2408 v
1363 2367 1409 2421 Νι.
1431 2383 1459 2420 21
1483 2366 1549 2420 liiels
1569 2366 1611 2419 die

346 2456 482 2526 lleraogin
501 2454 632 2508 Adelheid
657 2455 737 2525 (gest.
764 2457 842 2523 ¹273)
868 2455 920 2506 und
945 2455 985 2508 ihr
1009 2456 1195 2508 verstorbener
1213 2454 1328 2508 Genialil
1355 2455 1385 2508 ll.
1406 2455 1541 2520 qlleinricli
1565 2453 1609 2506 lll.

345 2544 455 2614 Herzog
473 2559 527 2596 von
548 2543 668 2608 brabant,
688 2551 756 2612 gest.
779 2541 866 2610 12⁶0).

955 2698 998 2766 la.

449 2823 561 2909 Alsum
582 2845 642 2887 von
666 2822 826 2900 Kastilien,
851 2823 1011 2887 thinisrher
1037 2822 1145 2907 Kartg,
1170 2820 1319 2908 etttpfiehlt
1341 2822 1415 2900 sich,
1442 2823 1522 2886 scine
1544 2822 1610 2886 Aa·

342 2909 504 2994 gehbrigen
527 2908 591 2973 atad
611 2911 690 2972 scine
714 2907 821 2975 Reiche
843 2908 896 2972 der
920 2907 1057 2972 Fiirbitte
1079 2908 1132 2972 der
1155 2906 1378 2972 Dominilcanet·
1402 2905 1528 2996 (1264).

449 3010 600 3077 Allonsns
612 3011 672 3077 Dei
689 3011 793 3097 gracia
805 3011 1025 3078 Romanorum
1042 3033 1097 3076 rex
1112 3033 1239 3098 semper
1254 3021 1404 3096 augustus
1421 3022 1452 3076 et
1463 3009 1609 3090 Castelle,

343 3099 374 3164 T
376 3098 452 3164 oleti
475 3110 535 3165 etc.
559 3097 692 3164 salutem
716 3110 746 3164 et
762 3099 916 3163 sinceram
940 3100 972 3162 in
989 3097 1124 3163 domino
1148 3098 1322 3164 karitatem.
1359 3097 1522 3184 Sapiencia
1538 3098 1609 3176 Dei,

343 3208 405 3274 que
427 3188 564 3252 suaviter
587 3204 700 3252 cuncta
723 3184 847 3250 ordinat
870 3208 905 3250 ac
929 3185 1080 3272 disponit,
1112 3186 1349 3252 universitatem
1375 3204 1516 3251 creature
1543 3207 1609 3264 sue,

344 3296 438 3361 quam
470 3275 626 3339 immensa
672 3273 791 3339 otentia
820 3270 976 3353 condidit,
1004 3272 1121 3360 absque
1148 3274 1313 3359 regiminis
1336 3273 1513 3338 ministerio
1542 3294 1608 3337 non

343 3358 485 3447 reliquid,
509 3373 554 3441 ut,
577 3295 669 3448 quod
689 3358 835 3426 ineffabili
858 3362 1000 3446 potentia
1021 3371 1189 3439 creaverat,
1212 3358 1360 3426 ineffabili
1384 3358 1608 3426 nichilominus

343 3449 499 3534 sapiencia
527 3447 726 3532 gubernaret.
773 3446 827 3512 Ob
855 3446 942 3534 quod
966 3449 1044 3512 mira
1075 3446 1289 3534 disposicione
1313 3447 1418 3512 divina
1447 3445 1609 3512 ordinacio

343 3534 531 3618 angelorum
565 3535 736 3599 ministeria
768 3534 998 3620 hominumque
1030 3533 1229 3619 dispensans,
1262 3535 1293 3598 in
1324 3535 1464 3598 humano
1492 3555 1609 3618 genere

343 3618 499 3706 quosdam
516 3642 653 3706 preesse,
677 3617 831 3706 quosdam
849 3642 926 3684 vero
942 3619 1070 3684 subesse
1088 3622 1261 3700 constituit,
1286 3638 1330 3698 ut,
1353 3618 1428 3684 dum
1445 3619 1608 3684 inferiores

342 3705 555 3791 superioribus
577 3706 764 3793 obsequium
788 3707 944 3772 servitutis
961 3704 1183 3792 impenderent
1206 3718 1237 3772 et
1252 3707 1431 3792 superiores
1455 3705 1608 3771 inferiori·

342 3793 399 3859 bus
416 3792 563 3859 ducatum
587 3793 750 3879 regiminis
767 3815 834 3858 non
857 3805 1020 3878 negarent,
1045 3793 1180 3859 humana
1196 3794 1331 3859 societas
1356 3795 1387 3858 in
1404 3795 1488 3880 pacis
1504 3791 1609 3858 ledere

343 3899 528 3946 servaretur.
553 3880 640 3946 Dum
657 3881 752 3946 etiam
769 3902 883 3946 omnes
900 3881 931 3944 in
950 3881 1139 3947 sublimitate
1157 3881 1320 3947 constituti
1333 3903 1373 3946 eo
1390 3882 1421 3946 in
1440 3880 1609 3946 maioribus

342 3978 507 4033 versentur
535 3966 695 4053 periculis,
726 3988 791 4054 quo
819 3966 957 4053 pluribus
991 3968 1204 4034 subiectorum
1233 3967 1357 4054 populis
1387 3969 1608 4055 principantur,

342 4053 496 4206 i(d‘pcirco
528 4076 567 4120 eo
590 4055 800 4141 propensiore
824 4078 911 4134 cura,
944 4078 983 4120 eo
1012 4054 1222 4122 sollicitudine
1246 4054 1399 4141 ampliore
1428 4056 1608 4121 orationum

342 4165 379 4206 su
404 4142 497 4226 ragiis
525 4139 691 4207 adiuvandi
721 4153 810 4221 sunt,
843 4164 907 4228 quo
936 4155 1076 4222 constat,
1105 4144 1177 4230 quia
1205 4141 1343 4228 pluribus
1371 4142 1501 4228 prodest
1529 4141 1609 4208 bene

341 4239 427 4294 actus
451 4226 580 4294 ducatus
604 4229 767 4314 regiminis
797 4241 828 4294 et
850 4228 988 4315 pluribus
1016 4229 1129 4295 obesse
1175 4241 1258 4296 otest
1282 4251 1370 4294 error
1398 4243 1449 4295 aut
1473 4231 1605 4316 pravitas

340 4316 553 4401 principantis.
600 4316 722 4382 Verum
746 4316 898 4403 quoniam
922 4339 998 4396 nos,
1028 4339 1109 4404 quos
1132 4253 1270 4402 pluribus
1294 4318 1399 4401 regnis
1423 4329 1454 4382 et
1484 4315 1607 4403 populis

340 4425 466 4488 preesse
483 4401 647 4469 ordinacio
664 4400 767 4469 divina
785 4405 958 4483 constituit,
975 4426 1015 4469 eo
1032 4405 1189 4469 maiorum
1207 4402 1448 4470 tribulacionum
1461 4402 1605 4470 fluctibus

340 4491 508 4577 quatimur,
521 4512 638 4577 quone
662 4491 803 4556 otiorum
813 4492 894 4556 curis
906 4489 1176 4578 frequencioribus
1187 4493 1352 4576 agitamur,
1366 4489 1519 4577 i(d)circo
1530 4491 1606 4556 totis

340 4578 423 4644 votis
439 4576 571 4642 aliorum
593 4512 738 4663 sulliagia
757 4576 893 4662 petenda
909 4577 1119 4658 decemimus,
1143 4591 1177 4645 ut
1197 4580 1275 4644 tanti
1291 4576 1416 4663 pondus
1433 4578 1605 4663 regiminis,

340 4662 487 4751 ad'quod
510 4665 592 4730 vires
616 4676 740 4731 nostras
763 4665 898 4751 impares
922 4662 990 4729 lore
1014 4666 1239 4752 conspicimus,
1263 4665 1323 4730 Dei
1348 4686 1479 4731 munere
1504 4662 1606 4730 multi-

339 4750 458 4837 plicatis
482 4749 741 4818 intercessoribus
760 4770 1010 4838 supportemus·
1029 4752 1098 4818 Nec
1122 4751 1251 4818 forsitan
1269 4774 1326 4817 vos
1350 4751 1433 4832 latet,
1458 4771 1492 4818 nt
1509 4749 1606 4816 credi-

339 4861 420 4919 muS,
444 4849 563 4926 quanto
587 4837 732 4904 ordinem
756 4850 895 4903 vestrum
921 4839 1067 4924 peculiari
1091 4838 1229 4924 quodam
1254 4860 1380 4923 semper
1404 4837 1605 4903 dilexerimus
