3828 5590
366 579 408 646 70
948 573 1043 628 Briefe.
1510 573 1532 642 J.
1554 586 1627 641 1²70·
1652 617 1654 622 .

358 743 399 798 ut
415 730 507 797 donis
523 731 732 817 provectioris
748 731 897 817 potencie
913 731 1099 795 mereamini
1115 727 1305 809 habundare,
1321 730 1374 815 qui
1390 730 1451 814 jam
1468 739 1627 814 acceptam

366 817 475 884 celitus
491 816 623 884 studetis
647 838 713 882 nou
731 814 769 882 ad
793 813 1040 902 inpedicionem,
1064 827 1112 882 set
1132 813 1171 881 ad
1194 815 1433 902 promotionem
1457 835 1628 901 pauperum

305 923 307 930 ’
368 915 398 971 et
433 903 599 970 humilium
633 925 789 970 exercere.
839 902 990 970 Ceterum
1020 901 1239 969 honorabilem
1273 902 1376 968 virum
1406 899 1629 988 provincialem

366 1002 510 1057 nostrum
540 989 579 1056 ad
602 1001 739 1057 vestram
767 991 964 1076 presenciam
988 1012 1047 1076 pro
1075 989 1233 1055 dictorum
1261 987 1391 1055 fratrum
1419 989 1552 1073 negotio
1575 1009 1630 1073 per

365 1075 514 1142 laboriosi
545 1077 665 1142 itineris
695 1074 858 1162 dispendia
892 1075 1098 1141 accedentem
1128 1073 1314 1141 excellencie
1349 1086 1453 1140 vestre
1484 1075 1631 1139 attentius

366 1161 667 1228 recommendamus
696 1213 703 1228 .
729 1213 736 1227 .
763 1213 769 1228 .

473 1333 529 1389 Fol.
548 1333 578 1387 61
594 1345 617 1387 v.
654 1334 761 1387 Vorher
779 1334 844 1402 geht
869 1334 912 1386 ein
931 1332 1005 1386 Bries
1021 1334 1094 1386 eines
1116 1334 1215 1386 andern
1234 1332 1356 1386 Bischois
1376 1350 1408 1385 an
1429 1334 1506 1385 einen
1526 1331 1637 1385 Bischot'

367 1420 432 1472 taber
450 1419 571 1473 dasselbe
585 1420 691 1473 Thema
710 1420 781 1472 ohne
796 1420 1059 1488 Namensuennuug5
1079 1419 1171 1473 darum
1190 1419 1232 1472 die
1251 1419 1376 1473 Adresse.
1410 1419 1460 1472 Die
1480 1417 1563 1471 hlosse
1583 1418 1632 1470 ue-

368 1506 517 1576 zeichnung
541 1507 683 1576 episcopus
703 1505 783 1558 frater
807 1506 879 1558 ohne
899 1506 1046 1575 quondam,
1072 1506 1142 1558 dann
1161 1507 1229 1558 auch
1254 1505 1296 1558 die
1316 1506 1392 1558 Nathe
1416 1521 1469 1557 von
1489 1505 1563 1556 Chur
1582 1504 1634 1556 uud

368 1592 506 1646 Konstauz
525 1593 613 1645 lassen
633 1592 697 1645 eher
716 1609 750 1644 an
769 1591 820 1645 den
840 1592 952 1645 Bischos
968 1608 1020 1645 von
1041 1592 1126 1659 Chur,
1151 1592 1197 1645 der
1216 1592 1283 1644 auch
1303 1591 1495 1644 Dorninihaner
1514 1607 1577 1654 urar,
1596 1589 1634 1642 als

368 1696 400 1732 au
419 1679 544 1733 hibertus
563 1679 677 1751 Magnus
696 1679 808 1733 denken.

981 1833 1026 1901 ill.

476 1957 654 2043 Provinrial
678 1954 849 2047 (Edmuod)
874 1957 956 2022 bittit
980 1958 1027 2022 die
1045 1955 1399 2022 Deutschordeusbrridet·
1423 1957 1454 2020 iu
1478 1954 1633 2020 Berraum

367 2044 561 2138 frerrndlicbe
583 2044 762 2131 Ausnahme
784 2045 838 2110 der
859 2043 1082 2110 Dominiltaner
1106 2041 1232 2132 (1269).

479 2147 635 2215 Fratribus
658 2146 879 2237 Teuth(onie)
908 2148 940 2213 in
964 2149 1065 2214 Berna
1088 2147 1288 2234 provincialis
1312 2199 1319 2213 .
1346 2199 1352 2212 .
1378 2199 1384 2212 .
1409 2147 1635 2213 Devociouem

367 2247 505 2302 vestram
521 2237 611 2300 omni
627 2237 818 2316 attencione,
834 2258 894 2322 qua
910 2256 1051 2321 possum,
1069 2256 1179 2314 exor0,
1196 2245 1350 2321 quatenus
1366 2231 1475 2299 fratres
1492 2245 1631 2312 nostroe,

368 2323 422 2409 qui
451 2322 483 2387 in
512 2322 636 2388 civitate
667 2320 851 2409 Rern(ensi)
880 2344 1009 2387 manere
1044 2320 1232 2408 disponunt,
1266 2318 1400 2386 domino
1437 2318 1636 2398 concedenti,

369 2410 483 2475 curetis
505 2430 600 2495 prose
623 2409 655 2474 ui
677 2406 793 2476 favoris
812 2407 962 2493 suffragio
979 2407 1140 2494 oportuni,
1164 2431 1215 2488 ne,
1239 2406 1325 2495 quod
1342 2405 1430 2487 absit,
1455 2407 1479 2470 si
1496 2428 1555 2472 vos
1572 2406 1636 2473 vite

368 2495 518 2562 altissime
540 2431 737 2583 proiessores
768 2497 931 2582 contingat
962 2497 1067 2560 minus
1097 2493 1263 2562 benivolos
1287 2504 1318 2560 et
1345 2495 1526 2581 ingerentes
1556 2490 1635 2558 difti-

369 2582 499 2650 cultates
515 2584 659 2664 inveniri,
676 2582 805 2650 affectus
816 2581 920 2649 bonus
932 2581 1083 2648 laicorum
1098 2593 1129 2648 et
1141 2580 1318 2662 humilium,
1335 2579 1407 2648 licet
1420 2599 1634 2668 peccatorum,

370 2671 422 2760 qui
440 2668 616 2738 eorundem
632 2670 763 2738 fratrum
779 2682 963 2737 nostrorum
989 2671 1144 2759 suspirant
1160 2669 1385 2737 vehemencius
1406 2670 1437 2734 in
1454 2665 1635 2747 adventum,

369 2772 476 2826 vestro
500 2771 640 2846 tepescat
664 2757 822 2846 exemplu.

370 2886 394 2890 ”
426 2886 430 2890 ’
476 2885 618 2984 husus
641 2885 645 2889 ’

979 3083 1029 3150 32.

476 3205 545 3272 Der
560 3205 822 3293 Provinzialprior
843 3205 970 3271 schreibt
994 3207 1088 3270 cirtem
1104 3201 1464 3270 Dcutscbordensleomtui·
1487 3201 1561 3268 iiber
1580 3202 1636 3267 dos

371 3291 542 3359 kriinkende
558 3292 721 3378 Verboiten
738 3295 836 3357 seiner
856 3290 1116 3378 Ordensgenossen
1131 3292 1188 3356 den
1204 3289 1445 3356 Dominikauern
1467 3288 1637 3375 gegeizaiber

372 3380 436 3444 rand
458 3378 541 3445 bittit
563 3402 615 3444 iim
639 3378 818 3464 Anderung.
865 3375 943 3464 (Vor
969 3377 1078 3468 1270.)

479 3482 746 3549 commendatori
769 3480 885 3548 domus
908 3481 1111 3548 Teuthonice
1134 3482 1221 3567 prior
1244 3477 1453 3566 provincialis.
1498 3477 1637 3558 Quibus·

373 3568 446 3634 dam
470 3567 666 3634 narrantibus
689 3570 838 3649 innotuit,
862 3568 948 3656 quod
972 3569 1081 3634 fratres
1105 3578 1244 3646 nostros,
1268 3567 1321 3653 qui
1344 3565 1461 3632 advos
1484 3563 1637 3631 accedunt

395 3678 431 3720 ro
452 3667 609 3742 tempore,
635 3655 726 3722 solita
743 3679 816 3721 cum
840 3655 995 3721 alacritate
1012 3677 1079 3720 non
1095 3654 1262 3741 suscipitis,
1285 3651 1341 3718 sed
1357 3653 1382 3718 si
1398 3651 1443 3718 fas
1460 3663 1507 3718 est
1522 3650 1637 3732 dicere,

373 3679 516 3809 hsriditis
541 3744 592 3824 ita,
616 3754 650 3809 ut
666 3744 727 3830 jam
750 3741 924 3809 videatura
949 3744 1044 3809 ertius
1059 3760 1233 3808 vestrarum
1251 3762 1324 3826 erga
1347 3741 1433 3827 ipsos
1457 3740 1636 3805 immutari¹

374 3829 464 3896 color
487 3841 665 3917 oportunus
687 3831 868 3918 gratiarum.
916 3765 999 3896 dum
1031 3831 1125 3916 igitur
1153 3827 1234 3894 ordo
1257 3839 1361 3895 vester
1391 3838 1422 3894 et
1445 3837 1554 3893 noster
1582 3849 1637 3914 per

368 3917 583 3994 ,universalem
615 3916 779 3984 ecclesiam
810 3916 993 3984 firmissime
1017 3918 1189 3983 cohereant
1211 3915 1335 4002 glutino
1367 3915 1516 3995 caritatis,
1550 3912 1638 3980 inde·

375 4027 486 4071 corum
511 4028 579 4071 esse
606 4006 706 4092 putari
731 4003 874 4086 deberet,
904 4006 930 4070 si
959 4027 1029 4092 pars
1057 4006 1122 4071 sive
1146 4002 1262 4070 domus
1293 4025 1354 4067 una
1378 4024 1436 4067 suo
1465 4023 1532 4066 non
1561 4024 1637 4066 con-

373 4103 539 4178 grueretur
554 4093 713 4158 universo
746 4091 797 4158 Ad
821 4091 880 4158 hec
896 4114 962 4156 uon
987 4092 1152 4157 minimam
1169 4091 1290 4178 pectori
1306 4110 1381 4154 meo
1404 4088 1512 4154 libaret
1528 4089 1637 4154 arnari-

374 4178 528 4260 tudinem,
551 4179 577 4244 si
592 4196 739 4266 tempore
755 4179 920 4245 ministerii
936 4179 1010 4259 mei,
1027 4200 1090 4265 quo
1107 4179 1139 4242 in
1155 4175 1528 4264 provinciaTeuthonica
1545 4197 1639 4262 super

374 4263 483 4332 fratres
514 4264 732 4333 Predicatores
768 4289 901 4332 exerceo
934 4263 1075 4332 officium
1105 4265 1275 4352 prioratus,
1311 4263 1461 4329 sentirem
1494 4284 1550 4348 per
1579 4283 1638 4327 vos

375 4351 504 4420 dissolvi
533 4355 617 4440 pacis
641 4353 819 4434 vinculum,
849 4353 920 4442 quia
950 4350 1061 4439 procul
1085 4349 1214 4418 dubium
1243 4372 1408 4416 censuram
1437 4371 1542 4414 meam
1570 4371 1638 4414 non

376 4438 545 4526 effugeret,
574 4441 600 4506 si
631 4441 699 4528 quis
724 4439 763 4506 de
786 4440 898 4506 vestris
922 4437 1065 4504 iratribus
1094 4439 1296 4503 occasionem
1321 4436 1408 4502 daret
1431 4435 1639 4501 dissensionis

374 4527 552 4614 proximam
575 4527 625 4593 vel
648 4546 805 4592 remotam
831 4578 838 4593 .
865 4578 871 4591 .
898 4577 904 4590 .
951 4521 1200 4612 Her(nxannus).

481 4692 491 4721 ¹
510 4683 640 4736 immutati
660 4681 710 4736 HS.

375 4776 570 4783 ....—..—-—-—.
588 4775 615 4781 --
625 4773 692 4781 ..--..

481 4821 537 4875 Ful.
559 4835 599 4889 34.
636 4821 784 4890 Datierung
802 4821 870 4873 nach
889 4821 935 4872 der
954 4820 1082 4888 Stellung.
