3822 5592
315 641 338 710 J.
361 641 437 710 1289.
905 638 979 692 Briel
994 681 1000 694 .
1525 641 1579 705 151

317 816 348 862 et
371 797 501 882 proprio
526 796 678 880 sanguine
710 794 847 860 ntaculas
871 794 981 874 diluat,
1013 817 1089 881 quas
1113 795 1252 879 ingessit.
1299 795 1419 860 Nonne
1443 795 1509 880 ipse
1538 806 1584 860 est

316 881 434 963 David,
461 883 514 970 qui
537 881 640 946 missis
664 880 850 947 exercitibus
875 892 1007 946 conatus
1031 891 1079 947 est
1103 891 1243 947 evertere
1267 892 1402 947 matrem
1425 881 1584 947 civitatem

317 970 349 1034 in
379 967 509 1049 Israhel,
546 967 578 1032 in
615 989 675 1054 qua
704 966 788 1034 Sibai
820 965 1007 1054 confugerat
1039 985 1149 1033 auctor
1181 967 1351 1048 scismatis,
1388 967 1448 1033 nisi
1484 965 1585 1054 capud

316 1057 474 1122 amitteret
496 1053 629 1122 consilio
653 1053 811 1120 mulieris?
851 1055 887 1120 ln
911 1053 1060 1140 operibus
1083 1055 1147 1120 suis
1171 1054 1280 1120 similis
1304 1054 1402 1120 lactus
1426 1073 1473 1120 est
1497 1052 1582 1120 leoni

317 1143 536 1222 Machabaeus,
560 1165 631 1207 cum
649 1152 860 1228 perscrutetur
882 1141 1019 1228 iniquoS,
1043 1152 1077 1207 ut
1094 1164 1193 1208 cornu
1217 1139 1372 1228 gloriandi
1388 1164 1454 1206 non
1470 1139 1584 1207 tribuat

316 1231 483 1318 peccatori.
530 1229 568 1295 Et
591 1229 642 1316 qui
667 1228 779 1294 melius
803 1227 979 1294 iudicarunt
1003 1229 1035 1293 in
1058 1227 1142 1294 bello
1166 1229 1249 1294 mori
1265 1251 1360 1316 quam
1384 1228 1464 1294 mala
1479 1228 1583 1314 gentis

315 1341 371 1384 sue
388 1317 595 1406 equanimiter
610 1339 749 1396 cernere,
773 1317 914 1404 prompti
930 1327 1019 1382 erant
1043 1317 1183 1382 accensis
1206 1317 1318 1382 animis
1335 1338 1444 1382 muros
1464 1313 1583 1382 lerreos

337 1417 488 1472 enetrare.
534 1402 674 1470 Proinde
698 1404 935 1470 universitatem
955 1418 1093 1470 vestram
1117 1427 1238 1470 moneo
1262 1404 1294 1468 in
1318 1401 1453 1470 domino
1477 1416 1508 1470 et
1531 1427 1583 1470 ex·

315 1429 427 1560 liortor
441 1493 578 1560 districte
593 1491 781 1578 precipiens,
798 1503 951 1579 quatenus
968 1492 1052 1558 iuxta
1065 1490 1169 1558 datam
1182 1489 1273 1557 vobis
1289 1490 1474 1557 industriam
1490 1502 1582 1578 atque

314 1603 409 1668 posse
432 1582 534 1646 vicem
557 1602 616 1645 vos
645 1577 777 1644 fratrum
802 1597 833 1644 et
863 1577 984 1644 ordinis
1012 1578 1120 1645 dolere
1151 1579 1344 1644 monstratis.
1390 1577 1468 1644 Non
1496 1579 1580 1643 enim

315 1668 428 1734 desunt
450 1665 610 1767 privilegia
633 1688 718 1732 nova
740 1665 898 1732 veteribus
922 1666 1055 1746 sociata,
1080 1689 1217 1754 quorum
1241 1665 1407 1732 sententiis
1430 1687 1581 1751 personas

314 1754 446 1842 fugitivo
464 1753 632 1821 consilium
656 1763 687 1819 et
710 1752 860 1820 auxilium
884 1750 1094 1840 inpendentes
1111 1777 1184 1819 cum
1208 1752 1285 1819 locis
1310 1752 1486 1819 eorundem
1510 1750 1582 1818 laci

313 1841 383 1910 liter
410 1841 574 1930 illaqueare
604 1841 747 1927 possitis,
779 1840 884 1908 donec
914 1838 1038 1907 tradant
1065 1840 1115 1907 vel
1145 1840 1258 1907 eiciant
1289 1864 1354 1906 raon
1383 1841 1445 1906 iam
1473 1838 1582 1926 vulpes

313 1929 454 2018 parvulas
471 1927 692 2010 demolientes,
716 1939 765 1994 set
781 1927 954 2016 singulares
973 1927 1058 1994 leros
1074 1929 1200 1995 vineam
1217 1926 1432 2016 depascentes.
1464 1927 1500 1993 In
1517 1950 1581 2014 quo

313 2041 386 2085 casu
423 2041 490 2084 non
520 2017 651 2104 parcatis
685 2015 841 2082 laboribus
877 2040 1065 2104 corporum,
1098 2014 1360 2082 sollicitudinibus
1389 2016 1582 2094 animorum,

312 2105 487 2193 sumptibus
512 2127 732 2191 expensarum,
756 2127 832 2192 quas
856 2103 943 2170 dives
968 2105 999 2169 in
1024 2127 1138 2170 omnes
1155 2105 1301 2170 otnnium
1326 2103 1476 2168 dominus
1495 2125 1583 2168 cotn-

312 2192 463 2280 pensabit.
510 2193 548 2258 Et
572 2203 606 2258 ut
629 2191 793 2257 devotioni
822 2191 950 2257 lratrum
982 2190 1165 2257 huiusmodi
1189 2192 1361 2277 negocium
1386 2212 1583 2290 prosequen-

311 2281 391 2346 tium
416 2279 510 2367 digna
534 2302 656 2345 merces
678 2277 871 2365 respondeat
887 2290 918 2345 et
941 2278 1029 2344 favor
1045 2301 1206 2365 congruus
1230 2277 1362 2344 arrideat
1384 2301 1417 2343 m
1433 2277 1581 2364 presenti,

313 2365 428 2434 ordino
446 2387 538 2455 atque
552 2365 627 2432 volo
645 2364 804 2432 mediante
820 2365 1004 2453 provinciali
1017 2377 1135 2447 vestre,
1152 2363 1249 2452 quod,
1266 2388 1453 2452 quecunque
1467 2361 1582 2429 domus

313 2453 431 2522 dictum
455 2453 583 2521 fratrem
608 2507 614 2520 .
641 2507 648 2520 .
672 2451 723 2520 vel
750 2464 966 2540 coapostatam
995 2477 1088 2520 suum
1114 2506 1120 2519 .
1146 2505 1169 2534 .,
1200 2454 1287 2519 cuius
1311 2451 1486 2539 supradicta
1515 2461 1581 2516 acta

313 2541 456 2609 similiter
483 2541 599 2608 faciunt
628 2541 850 2622 mencionem,
879 2541 996 2628 ceperit
1028 2559 1058 2608 et
1085 2541 1237 2622 tenuerit,
1268 2541 1352 2628 ipsa¹
1382 2563 1398 2605 a
1422 2537 1581 2605 contribu-

313 2630 401 2696 tione
427 2682 433 2696 .
460 2682 466 2696 .
493 2683 499 2695 .
524 2629 619 2695 libera
641 2641 825 2715 permaneat
849 2639 880 2694 et
903 2629 1064 2694 immunis.
1112 2627 1148 2693 In
1172 2629 1401 2714 premissorum
1429 2625 1524 2692 robur
1549 2637 1580 2690 et

313 2715 712 2869 eviqencianqlplresentem
729 2718 876 2802 paginam
894 2714 967 2782 dttxi
983 2714 1075 2802 sigilli
1099 2713 1196 2780 ollacii
1213 2717 1276 2780 mei
1293 2713 1470 2780 mamimine
1486 2711 1581 2777 robo-

313 2826 367 2868 ran
392 2827 455 2868 mn.
534 2814 623 2868 aete.

367 2929 530 3043 '''i''r,>}in
551 2973 602 3028 ns.

416 3112 472 3166 Fol.
494 3129 551 3182 177.
591 3076 651 3185 Vgl.
671 3113 824 3184 Einleitung
842 3114 869 3168 S.
888 3127 931 3179 44.

915 3269 979 3339 lat.

416 3395 593 3482 Pravinqial
617 3392 810 3487 (Hermann)
838 3395 903 3461 teilt
933 3388 1004 3480 (din
1029 3393 1170 3483 Prioren)
1194 3394 1263 3474 mit,
1295 3392 1366 3480 dass
1391 3394 1439 3458 ein
1461 3391 1581 3457 Broder

309 3505 368 3548 vuar
399 3483 565 3570 Haurbarg
599 3484 764 3549 eratwichen
797 3486 853 3563 sei,
890 3483 1056 3570 widerrust
1088 3482 1136 3547 die
1172 3481 1235 3546 ihm
1268 3480 1382 3546 crtet'ltc
1413 3479 1580 3545 Voltmacla

310 3572 357 3634 ein
381 3569 501 3635 Kloster
528 3594 567 3656 aa
591 3569 702 3650 barren,
732 3563 797 3635 arrad
823 3570 940 3636 crsrrcht
969 3593 1020 3634 tran
1044 3568 1165 3634 Bericht
1194 3567 1266 3633 iiber
1294 3567 1351 3632 den
1375 3565 1579 3655 Entflohenen.

310 3653 437 3748 (1289.)

416 3763 465 3827 De
494 3762 694 3827 correctione
727 3759 890 3826 cuiusdam
918 3759 1020 3827 fratris
1055 3758 1265 3847 provincialis.
1318 3759 1403 3838 Quia
1430 3755 1579 3838 intellexi,
1660 3822 1662 3826 .

308 3847 395 3936 quod
419 3847 513 3914 frater
537 3901 544 3914 .
570 3901 588 3930 .,
613 3871 709 3936 quem
733 3849 803 3912 misi
828 3849 860 3912 in
885 3848 1061 3934 Hamburg,
1085 3847 1225 3912 renitens
1242 3844 1422 3912 obedientie
1446 3867 1523 3910 moa
1540 3842 1578 3909 ad

308 3934 378 4001 loca
401 3937 531 4023 pristina
556 3935 744 4001 authoritate
773 3935 899 4021 propria
923 3935 988 4001 vult
1012 3934 1129 4015 redire,
1161 3931 1323 3999 evidenter
1347 3932 1579 4011 demonstraus,

308 4035 422 4111 quauta
447 4046 522 4109 erga
551 4021 700 4111 quasdam
725 4021 858 4088 leminas
888 4033 1018 4110 urgetur
1041 4019 1267 4101 sollicitudine,
1298 4018 1451 4108 aquibus
1479 4021 1579 4084 nescit

308 4111 403 4177 etiam
427 4134 513 4176 mare
537 4111 692 4176 transiens
716 4109 886 4192 abstinere,
917 4130 947 4177 et
971 4133 1119 4198 quarum,
1150 4120 1184 4174 ut
1207 4107 1361 4174 moniales
1408 4119 1578 4186 utarentur,

308 4200 441 4285 negocia
464 4199 578 4284 gessit,
608 4221 717 4264 verum
746 4199 962 4284 supprimens,
993 4196 1105 4262 falsum
1128 4194 1264 4262 suadens
1295 4219 1353 4261 nec
1378 4131 1426 4347 di?
1452 4193 1579 4260 duriore

309 4287 430 4351 cervice
453 4305 591 4351 armatus
607 4286 757 4372 prosequi
781 4307 848 4349 uon
865 4283 996 4350 desistit.
1034 4284 1102 4370 Ego
1127 4285 1221 4370 igitur
1246 4281 1403 4371 aliquantu
1417 4305 1470 4347 um
1495 4303 1579 4346 acer·

308 4371 394 4438 biora
410 4373 545 4457 iungens
562 4370 714 4437 lotnentis
730 4369 910 4452 levioribus,
934 4383 968 4437 ut
984 4390 1032 4436 est
1048 4393 1140 4457 opus,
1164 4371 1302 4456 primum
1320 4392 1434 4435 omnes
1450 4368 1577 4447 litteras

308 4461 563 4538 commissiones,
587 4458 743 4537 licencias,
767 4458 994 4542 permissiones
1018 4456 1057 4522 ad
1081 4457 1143 4522 hoc
1168 4455 1327 4522 ordinatas
1348 4455 1398 4522 vel
1422 4454 1577 4533 obtentas,

308 4557 342 4612 ut
355 4544 520 4611 claustrum
539 4557 647 4631 posset
663 4545 695 4609 in
710 4597 716 4610 .
732 4596 738 4609 .
753 4555 948 4625 construere,
966 4566 1084 4609 revoco
1099 4553 1131 4609 et
1143 4565 1245 4608 cassas
1261 4542 1441 4630 pronuncio
1455 4540 1577 4619 nolens,

308 4631 394 4721 quod
411 4631 554 4713 adiciant,
578 4650 612 4698 ut
628 4642 803 4718 resurgant.
839 4629 965 4696 Deinde
982 4628 1120 4696 districte
1163 4628 1308 4710 rohibe0,
1333 4654 1373 4695 ne
1389 4629 1458 4716 quis
1474 4626 1578 4707 irater,

308 4719 442 4807 prelatus
466 4719 595 4786 clericus
611 4719 660 4785 vel
678 4742 863 4800 conversus,
887 4717 945 4784 sibi
968 4719 1089 4784 assistat
1105 4653 1161 4785 vei
1175 4719 1278 4805 ipsum
1303 4717 1438 4783 associet
1454 4717 1486 4781 in
1509 4737 1578 4802 pre-

308 4808 461 4875 dictarum
490 4809 623 4894 negotio
654 4807 853 4874 feminarum.
900 4807 970 4872 Nec
993 4817 1082 4893 putet
1110 4807 1206 4893 ipsas,
1238 4807 1264 4871 si
1293 4803 1467 4892 spirituales
1494 4815 1577 4882 sunt,

307 4895 473 4984 spiritualis
490 4919 562 4961 cure
586 4894 700 4960 solatio
717 4893 891 4975 destitutas,
915 4917 989 4959 nana
1014 4892 1146 4959 subsunt
1168 4893 1320 4980 episcopo
1337 4892 1410 4975 loci,
1434 4891 1487 4978 qui
1504 4891 1578 4976 ipsis
