3822 5592
366 631 425 698 108
1436 645 1458 714 J.
1481 643 1547 696 1286
1563 659 1626 715 -90.
1668 631 1670 636 ¹

969 798 1019 866 86.

449 929 451 934 ’
466 923 580 990 Pravin
598 921 645 989 ‘iat
657 919 867 1012 (Hermianni)
879 921 1053 988 aberrando
1069 923 1163 987 einim
1175 944 1233 987 uon
1250 921 1312 986 ihm
1327 923 1494 988 uisitier'ten
1507 919 1627 988 Klortcr

360 1008 546 1096 schristliche
569 946 820 1075 dmmnnirianes.
866 1005 968 1095 (1286
974 1007 1125 1098 -129o.)
1364 1017 1366 1023 ’

465 1109 670 1179 Provincialis
702 1112 851 1198 priorisse
883 1109 923 1177 de
951 1109 1041 1178 Valle
1069 1109 1192 1262 dpucis)
1225 1122 1256 1177 et
1289 1112 1461 1176 conventui
1490 1106 1626 1178 visitatu.

361 1197 564 1274 Visitacionis
583 1219 675 1284 opus,
699 1199 906 1264 correctionis
922 1218 942 1263 o
967 1220 1029 1277 em,
1053 1219 1087 1262 re
1101 1197 1333 1262 ormacioniso
1358 1219 1444 1262 eram
1464 1197 1545 1263 circa
1562 1195 1627 1263 col-

359 1281 479 1368 legium
502 1302 644 1350 vestrum
667 1294 757 1349 tanto
781 1284 906 1349 exercui
928 1221 1053 1348 liberius
1070 1293 1101 1348 et
1123 1281 1298 1369 exequebar
1321 1218 1483 1363 libencius,
1507 1294 1627 1371 quanto

361 1368 410 1434 illa
433 1369 614 1456 suscepistis
637 1369 765 1454 gratius,
789 1370 955 1456 excepistis
978 1369 1112 1456 quietius
1136 1380 1167 1434 et
1190 1367 1357 1434 sollicicius
1381 1369 1533 1435 retinetis.
1572 1368 1627 1434 Est

361 1455 477 1542 quippe
500 1456 638 1542 paternis
662 1454 824 1522 affectibus
847 1454 937 1521 dulce
961 1456 1075 1542 pariter
1099 1465 1129 1520 et
1153 1452 1338 1538 iocundum,
1363 1477 1435 1520 cum
1460 1454 1626 1540 spiritualis

348 1563 416 1608 ¹sua
435 1543 605 1628 progenies
621 1540 862 1628 apprehendens
881 1539 1076 1628 disciplinam
1094 1553 1125 1607 ct
1148 1541 1313 1607 karismata
1331 1539 1474 1606 emulans
1495 1540 1628 1607 meliora

361 1649 491 1693 manum
521 1629 614 1694 mittit
644 1627 683 1694 ad
710 1626 813 1708 fortia,
845 1626 1006 1694 brachium
1034 1625 1163 1693 roborat
1190 1627 1229 1692 ad
1252 1628 1412 1706 virtutem,
1445 1624 1628 1693 dominatur

361 1713 568 1800 passionibus,
597 1712 748 1780 illecebris
776 1736 844 1780 non
872 1715 1001 1801 capitur,
1031 1732 1173 1779 mentem
1201 1713 1366 1814 gubernat,
1396 1735 1512 1800 corpus
1539 1715 1626 1800 regia

360 1798 496 1887 quadarn
519 1801 705 1866 auctoritate
722 1801 852 1886 castigat
875 1823 910 1866 ac
933 1811 1115 1867 terrestrem
1139 1798 1370 1866 habitacionem
1396 1798 1520 1866 celestis
1544 1800 1627 1886 puri-

359 1898 434 1952 tate
452 1887 709 1953 conversacionis
738 1885 839 1953 induit
872 1898 902 1953 et
932 1885 1070 1952 obducit.
1120 1887 1214 1952 Mitto
1233 1887 1343 1972 igitur
1370 1887 1626 1952 ammoniciones

360 1971 511 2058 quasdam
528 1970 619 2038 vobis
642 1972 717 2038 haut
741 1971 870 2038 dubium
894 1971 1082 2058 profuturas,
1106 1973 1230 2059 quassi
1254 1972 1413 2038 luuniliter
1429 1973 1626 2039 servaveritis

361 2075 392 2124 et
419 2058 504 2124 iuxta
531 2069 645 2124 statuta
674 2058 825 2144 regularia
856 2059 1012 2138 vixeritis,
1041 2069 1201 2145 tamquam
1225 2059 1308 2144 regis
1333 2058 1433 2123 eterni
1463 2056 1591 2124 filie..
1617 2109 1624 2122 .

360 2141 543 2210 obtinebitis
566 2144 700 2229 gloriam
805 2144 956 2211 Ceterum
982 2166 1087 2210 curam
1112 2145 1218 2224 vestri,
1241 2143 1463 2230 patrocinium,
1488 2165 1623 2230 regnum

360 2241 391 2306 et
414 2229 543 2296 tutelam
568 2231 663 2317 priori
689 2240 720 2296 et
743 2228 886 2297 fratribus
909 2229 1044 2297 fideliter
1068 2229 1302 2296 commendabo
1328 2281 1335 2295 .
1361 2283 1368 2296 .
1394 2282 1401 2295 .

539 2356 657 2363 ——..

465 2403 521 2460 Fol.
545 2404 601 2474 138.
637 2404 693 2459 Das
712 2403 915 2460 Frauenkloster
933 2405 1015 2459 Vallis
1036 2403 1108 2458 ducis
1127 2405 1198 2458 steht
1217 2403 1259 2457 bei
1279 2402 1492 2466 Quietis-Echard
1511 2403 1521 2456 l
1541 2401 1579 2458 als
1598 2403 1624 2458 in

358 2493 478 2548 terminis
498 2492 672 2548 Lovaniensis
696 2493 850 2548 monasterii
869 2493 1045 2548 verzeiclmet.
1083 2493 1119 2547 Zu
1144 2492 1195 2546 deu
1221 2492 1432 2547 annnoniciones
1452 2492 1505 2563 vgl.
1526 2491 1624 2546 Archiv

320 2581 323 2587 '
359 2580 457 2637 fLitt.
478 2600 501 2642 u,
521 2581 732 2652 Kirchengesch.
752 2580 855 2648 11,644
874 2582 954 2636 Anna.
977 2597 999 2636 2.
1051 2576 1052 2580 ’

968 2739 1016 2809 87.

375 2851 377 2858 ’
419 2923 422 2930 ,
465 2860 578 2926 Prouin
598 2861 644 2926 inl
660 2857 851 2948 (Hermann)
875 2862 976 2926 annelat
999 2862 1120 2926 Brader
1141 2859 1275 2946 (johann
1297 2882 1356 2925 non
1378 2859 1549 2946 Zofingen,
1572 2861 1626 2925 der

358 2966 415 3010 nus
437 2945 504 3010 dem
532 2884 637 3012 Orden
666 2958 760 3012 treten
787 2946 852 3010 rand
875 2945 1086 3012 Cirtercienscr
1108 2946 1229 3010 werden
1258 2945 1342 3024 will,
1370 2946 1500 3010 Vorwair
1516 2949 1546 3009 ε’
1561 2945 1626 3010 rand

357 3034 537 3118 verweigrrt
560 3032 622 3097 ihm
646 3032 693 3097 die
717 3030 957 3118 Genrbmignng.
1004 3030 1131 3121 (1288.)

398 3215 400 3220 ,
465 3135 581 3202 Littera
610 3137 705 3201 missa
733 3135 868 3216 cuidam,
896 3137 950 3223 qui
979 3136 1089 3222 petivit
1119 3134 1281 3200 licenciam
1306 3133 1343 3200 ab
1368 3133 1490 3200 ordine.
1537 3134 1623 3202 Sicut

357 3221 460 3288 littera
475 3233 578 3290 vestra
601 3223 719 3303 sonuit,
731 3221 959 3288 'misericordie
982 3223 1021 3288 in.
1038 3223 1081 3288 ira
1098 3244 1164 3287 non
1184 3245 1254 3288 suna
1271 3223 1454 3301 immemor,
1478 3243 1552 3288 nam
1570 3244 1623 3288 me
1693 3257 1697 3265 ·

358 3309 471 3376 iratum
501 3331 568 3375 non
591 3308 746 3398 profiteor
769 3321 817 3376 set
844 3307 1013 3390 turbatum,
1041 3311 1149 3376 sivos
1178 3307 1310 3396 perdidi,
1340 3330 1435 3396 quem
1460 3306 1523 3375 fide
1547 3331 1623 3374 con-

359 3418 516 3484 ceperam,
540 3419 595 3486 spe
617 3419 803 3484 genueram,
830 3396 1016 3463 sustuleram
1041 3397 1177 3463 caritate.
1219 3394 1438 3463 Misericordie
1462 3419 1529 3462 non
1552 3419 1623 3462 sum

358 3485 542 3566 immemor,
589 3485 648 3566 uia,
672 3483 798 3551 sibene
822 3507 874 3550 rne
897 3485 1001 3571 ipsum
1018 3485 1139 3550 mecior
1155 3483 1192 3550 ab
1216 3482 1355 3564 infantia,
1380 3485 1478 3550 crevit
1494 3506 1621 3550 mecum

359 3571 531 3638 miseratio.
603 3582 634 3639 et
656 3572 689 3638 in
714 3593 751 3636 or
774 3593 837 3637 ano
861 3571 1059 3657 prophetico·
1078 3572 1318 3658 proportionata
1347 3569 1480 3636 modulo
1504 3571 1625 3636 miseri-

359 3655 466 3722 cordia
494 3655 617 3724 domini
647 3676 678 3724 et
706 3593 856 3724 iudcium
886 3658 1023 3737 canitur,
1051 3658 1123 3744 quia
1151 3680 1210 3722 suo
1239 3658 1350 3743 vigore
1380 3654 1568 3736 destituitur,
1598 3657 1624 3722 si

358 3741 490 3810 alterum
515 3745 744 3832 premissorum
768 3745 836 3810 sine
853 3743 951 3810 altero
974 3755 1127 3810 teneatur.
1167 3744 1324 3810 iusticiam
1349 3743 1443 3830 igitur
1460 3767 1531 3810 cum
1556 3765 1623 3810 non

358 3829 449 3896 liceat
465 3829 628 3911 offendere
652 3842 683 3897 et
706 3832 732 3896 si
756 3830 856 3912 liceat,
881 3829 955 3896 dum
973 3830 1065 3898 fuerit
1088 3828 1239 3912 severior,
1261 3831 1416 3916 mitigare,
1440 3831 1550 3897 nescio
1567 3852 1624 3917 per

358 3939 452 4006 quam
478 3917 659 3985 humilitatis
682 3939 792 4004 preces
816 3928 934 3984 vestras
958 3919 1079 4006 possint
1097 3917 1274 3999 admittere,
1298 3918 1357 3984 nisi
1373 3916 1487 3984 vellem
1512 3928 1622 3984 contra

359 4005 586 4072 conscientiam
599 4005 736 4073 actitare.
754 4004 939 4072 Postulastis
951 4007 1038 4072 enim
1054 4004 1213 4072 licentiam
1225 4003 1407 4074 transeundi
1420 4003 1459 4072 ad
1473 4003 1619 4072 ordinem

346 4073 602 4160 lCisterciensern
628 4111 660 4159 et
683 4115 749 4158 non
774 4091 812 4160 ad
836 4091 1076 4159 determinatam
1102 4091 1235 4160 domum
1262 4145 1268 4158 .
1295 4145 1301 4158 .
1328 4145 1334 4160 .
1360 4093 1460 4158 Vos.
1487 4143 1493 4159 .
1520 4145 1526 4158 .
1549 4115 1620 4158 curn
1706 4167 1708 4172 ,

357 4177 505 4246 fabricam
538 4178 668 4246 fratrum
701 4181 732 4245 in
770 4179 931 4266 Herbipoli
964 4181 1268 4246 amministraveritis
1300 4197 1332 4245 et
1363 4201 1422 4246 vos
1454 4178 1622 4268 aliquando

357 4266 389 4331 in
425 4264 581 4346 concilio,
616 4265 712 4354 quod·
738 4265 910 4346 haberetis,
950 4267 987 4334 C.
1019 4265 1111 4332 libras
1144 4267 1344 4346 iactaveritis,
1376 4284 1449 4352 post
1481 4287 1559 4332 vero
1590 4267 1622 4331 in

359 4352 472 4418 itinere
485 4350 534 4440 (i)
546 4375 655 4420 versus
667 4352 801 4418 Parisius
825 4371 856 4418 et
879 4351 949 4418 alibi
973 4352 1070 4419 multa
1086 4354 1118 4417 in
1135 4354 1222 4440 equis
1247 4363 1277 4418 et
1300 4363 1447 4438 apparatu
1465 4350 1505 4418 de
1528 4350 1622 4418 rebus

358 4437 478 4505 ordinis
507 4438 729 4527 expenderitis,
758 4438 983 4506 nichilominus
1012 4438 1107 4505 libros
1132 4452 1162 4507 et
1190 4451 1294 4507 vestes
1323 4438 1455 4519 ordinis,
1483 4460 1621 4527 quorum

356 4538 479 4593 tantum
509 4549 602 4592 usum
631 4526 820 4606 obtinuistis,
849 4525 997 4614 quamdiu
1026 4528 1056 4593 in
1082 4525 1195 4593 ordine
1224 4527 1393 4606 mansistis,
1422 4524 1623 4608 abduxeritis,

280 4692 282 4698 7
353 4695 354 4698 Ἴ
378 4637 418 4680 ue
442 4614 522 4680 ratio
546 4612 585 4680 de
609 4613 669 4680 hiis
693 4626 724 4681 et
747 4611 898 4679 similibus
921 4636 987 4680 non
1017 4625 1163 4700 posceret
1185 4614 1362 4679 rationem?
1408 4612 1489 4678 Sunt
1512 4624 1543 4679 et
1566 4611 1623 4678 alia

357 4636 470 4781 debita,
494 4699 606 4789 quibus
630 4699 734 4767 ordini
758 4712 870 4766 nostro
888 4703 961 4767 estis
985 4700 1153 4782 obnoxius,
1177 4701 1332 4786 graviora,
1356 4699 1518 4786 culparum
1534 4697 1621 4766 vide·

357 4786 439 4868 licet,
457 4799 672 4873 peccatorum,
689 4787 894 4868 offensarum,
910 4789 1105 4869 iniuriarum,
1122 4787 1161 4853 de
1172 4786 1283 4875 quibus
1294 4797 1422 4874 oportet
1438 4787 1524 4874 prius
1536 4787 1624 4853 satis-

356 4873 469 4953 facere,
498 4897 592 4960 quam
617 4874 656 4941 ad
685 4874 779 4940 alium
809 4873 954 4941 ordinent
985 4898 1056 4940 cum
1088 4885 1177 4941 tanto
1207 4873 1385 4940 debitorum
1415 4873 1621 4959 spiritualium
