<?xml version="1.0" encoding="UTF-8"?>
<!DOCTYPE html PUBLIC "-//W3C//DTD XHTML 1.0 Transitional//EN"
    "http://www.w3.org/TR/xhtml1/DTD/xhtml1-transitional.dtd">
<html xmlns="http://www.w3.org/1999/xhtml" xml:lang="en" lang="en">
 <head>
  <title>
</title>
<meta http-equiv="Content-Type" content="text/html;charset=utf-8" />
  <meta name='ocr-system' content='tesseract 3.04.00' />
  <meta name='ocr-capabilities' content='ocr_page ocr_carea ocr_par ocr_line ocrx_word'/>
</head>
<body>
  <div class='ocr_page' id='page_1' title='image "./ungedrucktedomi00finkgoog_0087.png"; bbox 0 0 3828 5590; ppageno 0'>
   <div class='ocr_carea' id='block_1_1' title="bbox 358 597 1621 672">
    <p class='ocr_par' dir='ltr' id='par_1_1' title="bbox 358 597 1621 672">
     <span class='ocr_line' id='line_1_1' title="bbox 358 597 1621 672; baseline 0.006 -23"><span class='ocrx_word' id='word_1_1' title='bbox 358 605 399 670; x_wconf 87' lang='lat'>74</span> <span class='ocrx_word' id='word_1_2' title='bbox 945 597 1019 653; x_wconf 89' lang='lat' dir='ltr'>Brief</span> <span class='ocrx_word' id='word_1_3' title='bbox 1034 641 1039 653; x_wconf 95' lang='lat'>.</span> <span class='ocrx_word' id='word_1_4' title='bbox 1547 617 1621 672; x_wconf 91' lang='lat'>1270.</span> 
     </span>
    </p>
   </div>
   <div class='ocr_carea' id='block_1_2' title="bbox 286 753 1624 1362">
    <p class='ocr_par' dir='ltr' id='par_1_2' title="bbox 286 753 1622 1017">
     <span class='ocr_line' id='line_1_2' title="bbox 357 753 1622 856; baseline 0.001 -33"><span class='ocrx_word' id='word_1_5' title='bbox 357 769 388 823; x_wconf 90' lang='lat' dir='ltr'>et</span> <span class='ocrx_word' id='word_1_6' title='bbox 411 757 568 844; x_wconf 89' lang='lat' dir='ltr'>corporis,</span> <span class='ocrx_word' id='word_1_7' title='bbox 615 757 738 823; x_wconf 87' lang='lat' dir='ltr'>uatinus</span> <span class='ocrx_word' id='word_1_8' title='bbox 761 753 844 843; x_wconf 92' lang='lat' dir='ltr'>apud</span> <span class='ocrx_word' id='word_1_9' title='bbox 866 757 987 856; x_wconf 93' lang='lat' dir='ltr'>ipsum,</span> <span class='ocrx_word' id='word_1_10' title='bbox 1019 757 1072 844; x_wconf 94' lang='lat' dir='ltr'>qui</span> <span class='ocrx_word' id='word_1_11' title='bbox 1095 757 1216 822; x_wconf 92' lang='lat' dir='ltr'>nemini</span> <span class='ocrx_word' id='word_1_12' title='bbox 1239 757 1420 844; x_wconf 86' lang='lat' dir='ltr'>suppliciter</span> <span class='ocrx_word' id='word_1_13' title='bbox 1442 757 1622 846; x_wconf 85' lang='lat' dir='ltr'>deprecanti</span> 
     </span>
     <span class='ocr_line' id='line_1_3' title="bbox 357 777 1621 995; baseline 0.002 -86"><span class='ocrx_word' id='word_1_14' title='bbox 357 865 412 909; x_wconf 91' lang='lat' dir='ltr'>sue</span> <span class='ocrx_word' id='word_1_15' title='bbox 427 777 644 909; x_wconf 82' lang='lat' dir='ltr'>misericordie</span> <span class='ocrx_word' id='word_1_16' title='bbox 660 843 765 908; x_wconf 85' lang='lat' dir='ltr'>sinum</span> <span class='ocrx_word' id='word_1_17' title='bbox 783 841 907 923; x_wconf 81' lang='lat' dir='ltr'>claudit,</span> <span class='ocrx_word' id='word_1_18' title='bbox 923 843 1076 909; x_wconf 81' lang='lat' dir='ltr'>instanter</span> <span class='ocrx_word' id='word_1_19' title='bbox 1089 855 1120 910; x_wconf 93' lang='lat' dir='ltr'>et</span> <span class='ocrx_word' id='word_1_20' title='bbox 1135 841 1316 931; x_wconf 90' lang='lat' dir='ltr'>frequenter</span> <span class='ocrx_word' id='word_1_21' title='bbox 1327 843 1475 995; x_wconf 85' lang='lat' dir='ltr'>precibus</span> <span class='ocrx_word' id='word_1_22' title='bbox 1488 843 1621 926; x_wconf 90' lang='lat' dir='ltr'>devotis,</span> 
     </span>
     <span class='ocr_line' id='line_1_4' title="bbox 286 927 1621 1017; baseline 0.003 -23"><span class='ocrx_word' id='word_1_23' title='bbox 286 928 293 942; x_wconf 88' lang='lat'>&#39;</span> <span class='ocrx_word' id='word_1_24' title='bbox 356 927 620 1017; x_wconf 83' lang='lat' dir='ltr'>predicationibus</span> <span class='ocrx_word' id='word_1_25' title='bbox 634 947 664 994; x_wconf 93' lang='lat' dir='ltr'>et</span> <span class='ocrx_word' id='word_1_26' title='bbox 678 927 926 996; x_wconf 83' lang='lat' dir='ltr'>exortationibus</span> <span class='ocrx_word' id='word_1_27' title='bbox 938 927 1107 994; x_wconf 83' lang='lat' dir='ltr'>fructuosis</span> <span class='ocrx_word' id='word_1_28' title='bbox 1118 930 1261 996; x_wconf 87' lang='lat' dir='ltr'>insistere</span> <span class='ocrx_word' id='word_1_29' title='bbox 1272 929 1326 995; x_wconf 91' lang='lat' dir='ltr'>nul</span> <span class='ocrx_word' id='word_1_30' title='bbox 1338 941 1448 996; x_wconf 88' lang='lat' dir='ltr'>atenus</span> <span class='ocrx_word' id='word_1_31' title='bbox 1459 932 1621 1013; x_wconf 91' lang='lat' dir='ltr'>omittatis,</span> 
     </span>
    </p>

    <p class='ocr_par' dir='ltr' id='par_1_3' title="bbox 324 1014 1624 1362">
     <span class='ocr_line' id='line_1_5' title="bbox 356 1014 1622 1084; baseline 0.002 -2"><span class='ocrx_word' id='word_1_32' title='bbox 356 1038 417 1082; x_wconf 91' lang='lat' dir='ltr'>nos</span> <span class='ocrx_word' id='word_1_33' title='bbox 450 1014 675 1082; x_wconf 89' lang='lat' dir='ltr'>nichilomnius</span> <span class='ocrx_word' id='word_1_34' title='bbox 708 1015 740 1080; x_wconf 92' lang='lat' dir='ltr'>in</span> <span class='ocrx_word' id='word_1_35' title='bbox 771 1015 882 1082; x_wconf 89' lang='lat' dir='ltr'>vestris</span> <span class='ocrx_word' id='word_1_36' title='bbox 915 1014 1139 1081; x_wconf 92' lang='lat' dir='ltr'>communibus</span> <span class='ocrx_word' id='word_1_37' title='bbox 1172 1016 1367 1082; x_wconf 88' lang='lat' dir='ltr'>orationibus</span> <span class='ocrx_word' id='word_1_38' title='bbox 1401 1035 1431 1083; x_wconf 88' lang='lat' dir='ltr'>et</span> <span class='ocrx_word' id='word_1_39' title='bbox 1461 1016 1622 1084; x_wconf 90' lang='lat' dir='ltr'>beneficiis</span> 
     </span>
     <span class='ocr_line' id='line_1_6' title="bbox 324 1097 1623 1192; baseline 0.003 -25"><span class='ocrx_word' id='word_1_40' title='bbox 324 1097 328 1106; x_wconf 83' lang='lat'>&#39;</span> <span class='ocrx_word' id='word_1_41' title='bbox 356 1103 517 1168; x_wconf 85' lang='lat' dir='ltr'>consuetis</span> <span class='ocrx_word' id='word_1_42' title='bbox 541 1099 661 1168; x_wconf 91' lang='lat' dir='ltr'>ordinis</span> <span class='ocrx_word' id='word_1_43' title='bbox 692 1099 834 1167; x_wconf 90' lang='lat' dir='ltr'>habituri.</span> <span class='ocrx_word' id='word_1_44' title='bbox 882 1100 914 1166; x_wconf 91' lang='lat' dir='ltr'>Si</span> <span class='ocrx_word' id='word_1_45' title='bbox 938 1101 1020 1168; x_wconf 89' lang='lat' dir='ltr'>valet</span> <span class='ocrx_word' id='word_1_46' title='bbox 1047 1112 1149 1168; x_wconf 91' lang='lat' dir='ltr'>vestra</span> <span class='ocrx_word' id='word_1_47' title='bbox 1179 1101 1294 1169; x_wconf 88' lang='lat' dir='ltr'>devota</span> <span class='ocrx_word' id='word_1_48' title='bbox 1319 1104 1504 1170; x_wconf 87' lang='lat' dir='ltr'>universitas</span> <span class='ocrx_word' id='word_1_49' title='bbox 1531 1116 1623 1192; x_wconf 90' lang='lat' dir='ltr'>atque</span> 
     </span>
     <span class='ocr_line' id='line_1_7' title="bbox 357 1187 1624 1275; baseline 0.004 -22"><span class='ocrx_word' id='word_1_50' title='bbox 357 1189 500 1256; x_wconf 90' lang='lat' dir='ltr'>universa</span> <span class='ocrx_word' id='word_1_51' title='bbox 523 1189 671 1255; x_wconf 87' lang='lat' dir='ltr'>sanctitas</span> <span class='ocrx_word' id='word_1_52' title='bbox 694 1199 863 1275; x_wconf 87' lang='lat' dir='ltr'>sanctaque</span> <span class='ocrx_word' id='word_1_53' title='bbox 887 1187 1046 1254; x_wconf 84' lang='lat' dir='ltr'>humilitas</span> <span class='ocrx_word' id='word_1_54' title='bbox 1069 1189 1113 1254; x_wconf 91' lang='lat' dir='ltr'>sic</span> <span class='ocrx_word' id='word_1_55' title='bbox 1137 1208 1199 1268; x_wconf 90' lang='lat' dir='ltr'>est,</span> <span class='ocrx_word' id='word_1_56' title='bbox 1228 1201 1290 1270; x_wconf 90' lang='lat' dir='ltr'>est,</span> <span class='ocrx_word' id='word_1_57' title='bbox 1318 1191 1398 1257; x_wconf 90' lang='lat' dir='ltr'>sicut</span> <span class='ocrx_word' id='word_1_58' title='bbox 1421 1191 1569 1258; x_wconf 90' lang='lat' dir='ltr'>volumus</span> <span class='ocrx_word' id='word_1_59' title='bbox 1593 1203 1624 1258; x_wconf 86' lang='lat' dir='ltr'>et</span> 
     </span>
     <span class='ocr_line' id='line_1_8' title="bbox 357 1286 513 1362; baseline -0.006 -21"><span class='ocrx_word' id='word_1_60' title='bbox 357 1286 513 1362; x_wconf 89' lang='lat' dir='ltr'>optamus.</span> 
     </span>
    </p>
   </div>
   <div class='ocr_carea' id='block_1_3' title="bbox 356 1399 672 1410">
    <p class='ocr_par' dir='ltr' id='par_1_4' title="bbox 356 1399 672 1410">
     <span class='ocr_line' id='line_1_9' title="bbox 356 1399 672 1410; baseline 0 -3"><span class='ocrx_word' id='word_1_61' title='bbox 356 1399 672 1410; x_wconf 67' lang='lat'>-—.—-.—,.-.</span> 
     </span>
    </p>
   </div>
   <div class='ocr_carea' id='block_1_4' title="bbox 356 1446 1623 1778">
    <p class='ocr_par' dir='ltr' id='par_1_5' title="bbox 356 1446 1623 1778">
     <span class='ocr_line' id='line_1_10' title="bbox 462 1446 1623 1519; baseline 0.003 -19"><span class='ocrx_word' id='word_1_62' title='bbox 462 1446 517 1502; x_wconf 85' lang='lat' dir='ltr'>Fol.</span> <span class='ocrx_word' id='word_1_63' title='bbox 531 1463 542 1516; x_wconf 90' lang='lat'><em>3</em></span> <span class='ocrx_word' id='word_1_64' title='bbox 554 1459 580 1502; x_wconf 72' lang='lat' dir='ltr'>v.</span> <span class='ocrx_word' id='word_1_65' title='bbox 604 1447 652 1500; x_wconf 88' lang='lat' dir='ltr'>Eiu</span> <span class='ocrx_word' id='word_1_66' title='bbox 666 1447 825 1501; x_wconf 87' lang='lat' dir='ltr'>undatierter</span> <span class='ocrx_word' id='word_1_67' title='bbox 836 1447 989 1501; x_wconf 82' lang='lat' dir='ltr'>Trostbrief</span> <span class='ocrx_word' id='word_1_68' title='bbox 998 1465 1030 1502; x_wconf 90' lang='lat' dir='ltr'>au</span> <span class='ocrx_word' id='word_1_69' title='bbox 1045 1447 1153 1502; x_wconf 77' lang='lat' dir='ltr'>»illustri</span> <span class='ocrx_word' id='word_1_70' title='bbox 1167 1450 1223 1519; x_wconf 88' lang='lat' dir='ltr'>regi</span> <span class='ocrx_word' id='word_1_71' title='bbox 1235 1448 1412 1504; x_wconf 85' lang='lat' dir='ltr'>Francorum«</span> <span class='ocrx_word' id='word_1_72' title='bbox 1427 1449 1563 1504; x_wconf 79' lang='lat' dir='ltr'>anlifslich</span> <span class='ocrx_word' id='word_1_73' title='bbox 1576 1451 1623 1504; x_wconf 88' lang='lat' dir='ltr'>des</span> 
     </span>
     <span class='ocr_line' id='line_1_11' title="bbox 356 1532 1622 1603; baseline 0.004 -19"><span class='ocrx_word' id='word_1_74' title='bbox 356 1532 447 1585; x_wconf 90' lang='lat' dir='ltr'>&#39;l&#39;odes</span> <span class='ocrx_word' id='word_1_75' title='bbox 467 1534 554 1586; x_wconf 87' lang='lat' dir='ltr'>seines</span> <span class='ocrx_word' id='word_1_76' title='bbox 574 1533 784 1602; x_wconf 85' lang='lat' dir='ltr'>etstgeboreneu</span> <span class='ocrx_word' id='word_1_77' title='bbox 803 1533 908 1586; x_wconf 87' lang='lat' dir='ltr'>Solmes</span> <span class='ocrx_word' id='word_1_78' title='bbox 928 1533 1068 1603; x_wconf 89' lang='lat' dir='ltr'>L(udwig)</span> <span class='ocrx_word' id='word_1_79' title='bbox 1088 1534 1158 1588; x_wconf 87' lang='lat' dir='ltr'>steht</span> <span class='ocrx_word' id='word_1_80' title='bbox 1178 1534 1223 1588; x_wconf 89' lang='lat' dir='ltr'>fol.</span> <span class='ocrx_word' id='word_1_81' title='bbox 1237 1549 1279 1600; x_wconf 86' lang='lat'>42.</span> <span class='ocrx_word' id='word_1_82' title='bbox 1311 1537 1346 1588; x_wconf 83' lang='lat' dir='ltr'>Es</span> <span class='ocrx_word' id='word_1_83' title='bbox 1365 1537 1398 1589; x_wconf 88' lang='lat' dir='ltr'>ist</span> <span class='ocrx_word' id='word_1_84' title='bbox 1418 1537 1463 1589; x_wconf 85' lang='lat' dir='ltr'>das</span> <span class='ocrx_word' id='word_1_85' title='bbox 1477 1537 1622 1590; x_wconf 86' lang='lat' dir='ltr'>Schreiben</span> 
     </span>
     <span class='ocr_line' id='line_1_12' title="bbox 358 1618 1623 1692; baseline 0.006 -24"><span class='ocrx_word' id='word_1_86' title='bbox 358 1618 434 1672; x_wconf 75' lang='lat' dir='ltr'>»Vox</span> <span class='ocrx_word' id='word_1_87' title='bbox 458 1619 575 1672; x_wconf 89' lang='lat' dir='ltr'>horroris</span> <span class='ocrx_word' id='word_1_88' title='bbox 600 1635 630 1672; x_wconf 87' lang='lat' dir='ltr'>ac</span> <span class='ocrx_word' id='word_1_89' title='bbox 662 1620 791 1672; x_wconf 77' lang='lat' dir='ltr'>meroris«</span> <span class='ocrx_word' id='word_1_90' title='bbox 821 1619 868 1672; x_wconf 87' lang='lat' dir='ltr'>des</span> <span class='ocrx_word' id='word_1_91' title='bbox 892 1621 1003 1690; x_wconf 85' lang='lat' dir='ltr'>Papstes</span> <span class='ocrx_word' id='word_1_92' title='bbox 1022 1619 1173 1674; x_wconf 81' lang='lat' dir='ltr'>Alexander</span> <span class='ocrx_word' id='word_1_93' title='bbox 1192 1621 1236 1675; x_wconf 91' lang='lat' dir='ltr'>lV.</span> <span class='ocrx_word' id='word_1_94' title='bbox 1261 1639 1294 1675; x_wconf 90' lang='lat' dir='ltr'>an</span> <span class='ocrx_word' id='word_1_95' title='bbox 1318 1621 1432 1692; x_wconf 83' lang='lat' dir='ltr'>Ludwig</span> <span class='ocrx_word' id='word_1_96' title='bbox 1456 1623 1479 1676; x_wconf 91' lang='lat' dir='ltr'>d.</span> <span class='ocrx_word' id='word_1_97' title='bbox 1501 1623 1532 1677; x_wconf 93' lang='grc' dir='ltr'>Η,</span> <span class='ocrx_word' id='word_1_98' title='bbox 1559 1639 1623 1676; x_wconf 83' lang='lat' dir='ltr'>vom</span> 
     </span>
     <span class='ocr_line' id='line_1_13' title="bbox 357 1704 1030 1778; baseline 0.004 -20"><span class='ocrx_word' id='word_1_99' title='bbox 357 1707 399 1759; x_wconf 88' lang='lat'>28.</span> <span class='ocrx_word' id='word_1_100' title='bbox 419 1704 534 1759; x_wconf 84' lang='lat' dir='ltr'>Febnrar</span> <span class='ocrx_word' id='word_1_101' title='bbox 555 1705 634 1772; x_wconf 82' lang='lat'>12603</span> <span class='ocrx_word' id='word_1_102' title='bbox 655 1706 708 1776; x_wconf 88' lang='lat' dir='ltr'>vgl.</span> <span class='ocrx_word' id='word_1_103' title='bbox 728 1706 850 1761; x_wconf 89' lang='lat' dir='ltr'>Potthast</span> <span class='ocrx_word' id='word_1_104' title='bbox 869 1706 916 1761; x_wconf 87' lang='lat' dir='ltr'>Nr.</span> <span class='ocrx_word' id='word_1_105' title='bbox 938 1707 1030 1778; x_wconf 85' lang='lat'>17796.</span> 
     </span>
    </p>
   </div>
   <div class='ocr_carea' id='block_1_5' title="bbox 966 1862 1004 1930">
    <p class='ocr_par' dir='ltr' id='par_1_6' title="bbox 966 1862 1004 1930">
     <span class='ocr_line' id='line_1_14' title="bbox 966 1862 1004 1930; baseline 0.026 -1"><span class='ocrx_word' id='word_1_106' title='bbox 966 1862 1004 1930; x_wconf 76' lang='lat'>37</span> 
     </span>
    </p>
   </div>
   <div class='ocr_carea' id='block_1_6' title="bbox 357 1980 1623 2160">
    <p class='ocr_par' dir='ltr' id='par_1_7' title="bbox 357 1980 1623 2160">
     <span class='ocr_line' id='line_1_15' title="bbox 463 1980 1623 2072; baseline 0.004 -27"><span class='ocrx_word' id='word_1_107' title='bbox 463 1980 545 2047; x_wconf 82' lang='lat' dir='ltr'>Katl</span> <span class='ocrx_word' id='word_1_108' title='bbox 570 2004 629 2047; x_wconf 86' lang='lat' dir='ltr'>von</span> <span class='ocrx_word' id='word_1_109' title='bbox 651 1982 769 2069; x_wconf 81' lang='lat' dir='ltr'>Anjou,</span> <span class='ocrx_word' id='word_1_110' title='bbox 799 1983 880 2048; x_wconf 69' lang='lat' dir='ltr'>Kana·</span> <span class='ocrx_word' id='word_1_111' title='bbox 921 2005 979 2048; x_wconf 74' lang='lat' dir='ltr'>vuar</span> <span class='ocrx_word' id='word_1_112' title='bbox 1005 1983 1074 2049; x_wconf 83' lang='lat' dir='ltr'>Nea</span> <span class='ocrx_word' id='word_1_113' title='bbox 1096 1985 1137 2064; x_wconf 77' lang='lat' dir='ltr'>el,</span> <span class='ocrx_word' id='word_1_114' title='bbox 1168 1983 1316 2072; x_wconf 78' lang='lat' dir='ltr'>eritpsiehlt</span> <span class='ocrx_word' id='word_1_115' title='bbox 1343 1985 1406 2050; x_wconf 82' lang='lat' dir='ltr'>sich</span> <span class='ocrx_word' id='word_1_116' title='bbox 1436 1986 1502 2050; x_wconf 83' lang='lat' dir='ltr'>dem</span> <span class='ocrx_word' id='word_1_117' title='bbox 1530 1985 1623 2051; x_wconf 80' lang='lat' dir='ltr'>Gebtt</span> 
     </span>
     <span class='ocr_line' id='line_1_16' title="bbox 357 1997 1253 2160; baseline 0.004 -29"><span class='ocrx_word' id='word_1_118' title='bbox 357 2067 407 2131; x_wconf 79' lang='lat' dir='ltr'>des</span> <span class='ocrx_word' id='word_1_119' title='bbox 429 2065 609 2133; x_wconf 80' lang='lat' dir='ltr'>Mailtinder</span> <span class='ocrx_word' id='word_1_120' title='bbox 635 2006 904 2156; x_wconf 64' lang='lat' dir='ltr'>Generulkapiteli,</span> <span class='ocrx_word' id='word_1_121' title='bbox 945 2067 1046 2157; x_wconf 87' lang='lat'><em>(1270</em></span> <span class='ocrx_word' id='word_1_122' title='bbox 1071 1997 1253 2160; x_wconf 66' lang='lat' dir='ltr'>lirihjahr.)</span> 
     </span>
    </p>
   </div>
   <div class='ocr_carea' id='block_1_7' title="bbox 355 2170 1622 2786">
    <p class='ocr_par' dir='ltr' id='par_1_8' title="bbox 355 2170 1622 2786">
     <span class='ocr_line' id='line_1_17' title="bbox 462 2170 1622 2262; baseline 0.007 -27"><span class='ocrx_word' id='word_1_123' title='bbox 462 2170 597 2236; x_wconf 87' lang='lat' dir='ltr'>Katolus</span> <span class='ocrx_word' id='word_1_124' title='bbox 627 2171 688 2236; x_wconf 91' lang='lat' dir='ltr'>Dei</span> <span class='ocrx_word' id='word_1_125' title='bbox 719 2173 816 2256; x_wconf 87' lang='lat' dir='ltr'>gratia</span> <span class='ocrx_word' id='word_1_126' title='bbox 845 2194 899 2238; x_wconf 84' lang='lat' dir='ltr'>rex</span> <span class='ocrx_word' id='word_1_127' title='bbox 923 2171 1042 2254; x_wconf 86' lang='lat' dir='ltr'>Sicilie,</span> <span class='ocrx_word' id='word_1_128' title='bbox 1073 2172 1201 2240; x_wconf 87' lang='lat' dir='ltr'>ducatus</span> <span class='ocrx_word' id='word_1_129' title='bbox 1231 2173 1343 2260; x_wconf 85' lang='lat' dir='ltr'>Apulie</span> <span class='ocrx_word' id='word_1_130' title='bbox 1371 2188 1402 2241; x_wconf 93' lang='lat' dir='ltr'>et</span> <span class='ocrx_word' id='word_1_131' title='bbox 1431 2176 1622 2262; x_wconf 87' lang='lat' dir='ltr'>principatus</span> 
     </span>
     <span class='ocr_line' id='line_1_18' title="bbox 358 2255 1619 2352; baseline 0.006 -31"><span class='ocrx_word' id='word_1_132' title='bbox 358 2256 477 2342; x_wconf 87' lang='lat' dir='ltr'>Capue,</span> <span class='ocrx_word' id='word_1_133' title='bbox 500 2255 582 2322; x_wconf 88' lang='lat' dir='ltr'>alme</span> <span class='ocrx_word' id='word_1_134' title='bbox 601 2255 685 2322; x_wconf 88' lang='lat' dir='ltr'>urbis</span> <span class='ocrx_word' id='word_1_135' title='bbox 706 2269 844 2339; x_wconf 91' lang='lat' dir='ltr'>senator,</span> <span class='ocrx_word' id='word_1_136' title='bbox 868 2257 1081 2348; x_wconf 60' lang='lat' dir='ltr'>andegavi),</span> <span class='ocrx_word' id='word_1_137' title='bbox 1105 2259 1272 2327; x_wconf 92' lang='lat' dir='ltr'>Provincie</span> <span class='ocrx_word' id='word_1_138' title='bbox 1296 2271 1326 2327; x_wconf 93' lang='lat' dir='ltr'>et</span> <span class='ocrx_word' id='word_1_139' title='bbox 1348 2259 1619 2352; x_wconf 86' lang='lat' dir='ltr'>Folch(eriarum)</span> 
     </span>
     <span class='ocr_line' id='line_1_19' title="bbox 357 2343 1619 2435; baseline 0.006 -27"><span class='ocrx_word' id='word_1_140' title='bbox 357 2343 642 2426; x_wconf 60' lang='lat' dir='ltr'>comestionum</span> <span class='ocrx_word' id='word_1_141' title='bbox 667 2346 787 2433; x_wconf 91' lang='lat' dir='ltr'>imperii</span> <span class='ocrx_word' id='word_1_142' title='bbox 812 2347 842 2411; x_wconf 93' lang='lat' dir='ltr'>in</span> <span class='ocrx_word' id='word_1_143' title='bbox 867 2345 983 2413; x_wconf 90' lang='lat' dir='ltr'>Tuscia</span> <span class='ocrx_word' id='word_1_144' title='bbox 1009 2369 1064 2435; x_wconf 90' lang='lat' dir='ltr'>per</span> <span class='ocrx_word' id='word_1_145' title='bbox 1087 2365 1228 2414; x_wconf 89' lang='lat' dir='ltr'>sanctam</span> <span class='ocrx_word' id='word_1_146' title='bbox 1252 2347 1429 2414; x_wconf 84' lang='lat' dir='ltr'>Romanam</span> <span class='ocrx_word' id='word_1_147' title='bbox 1455 2349 1619 2417; x_wconf 90' lang='lat' dir='ltr'>ecclesiam</span> 
     </span>
     <span class='ocr_line' id='line_1_20' title="bbox 357 2431 1619 2525; baseline 0.004 -27"><span class='ocrx_word' id='word_1_148' title='bbox 357 2432 488 2498; x_wconf 87' lang='lat' dir='ltr'>vicarius</span> <span class='ocrx_word' id='word_1_149' title='bbox 510 2431 679 2519; x_wconf 78' lang='lat' dir='ltr'>generaliS,</span> <span class='ocrx_word' id='word_1_150' title='bbox 708 2432 863 2521; x_wconf 84' lang='lat' dir='ltr'>religiosis</span> <span class='ocrx_word' id='word_1_151' title='bbox 886 2435 960 2501; x_wconf 92' lang='lat' dir='ltr'>viris</span> <span class='ocrx_word' id='word_1_152' title='bbox 984 2437 1014 2500; x_wconf 91' lang='lat' dir='ltr'>iu</span> <span class='ocrx_word' id='word_1_153' title='bbox 1040 2433 1168 2503; x_wconf 90' lang='lat' dir='ltr'>Christo</span> <span class='ocrx_word' id='word_1_154' title='bbox 1193 2434 1249 2501; x_wconf 92' lang='lat' dir='ltr'>sibi</span> <span class='ocrx_word' id='word_1_155' title='bbox 1273 2435 1442 2503; x_wconf 85' lang='lat' dir='ltr'>karissimis</span> <span class='ocrx_word' id='word_1_156' title='bbox 1467 2439 1619 2525; x_wconf 82' lang='lat' dir='ltr'>ntagistro</span> 
     </span>
     <span class='ocr_line' id='line_1_21' title="bbox 355 2519 1622 2614; baseline 0.007 -30"><span class='ocrx_word' id='word_1_157' title='bbox 355 2519 495 2604; x_wconf 89' lang='lat' dir='ltr'>generali</span> <span class='ocrx_word' id='word_1_158' title='bbox 525 2531 555 2586; x_wconf 92' lang='lat' dir='ltr'>et</span> <span class='ocrx_word' id='word_1_159' title='bbox 588 2521 742 2587; x_wconf 90' lang='lat' dir='ltr'>universis</span> <span class='ocrx_word' id='word_1_160' title='bbox 774 2520 917 2588; x_wconf 90' lang='lat' dir='ltr'>fratribus</span> <span class='ocrx_word' id='word_1_161' title='bbox 939 2521 1070 2593; x_wconf 67' lang='lat' dir='ltr'>,ordinis</span> <span class='ocrx_word' id='word_1_162' title='bbox 1104 2521 1234 2590; x_wconf 84' lang='lat' dir='ltr'>fratrum</span> <span class='ocrx_word' id='word_1_163' title='bbox 1267 2523 1503 2591; x_wconf 88' lang='lat' dir='ltr'>Predicatorum</span> <span class='ocrx_word' id='word_1_164' title='bbox 1541 2526 1622 2614; x_wconf 88' lang='lat' dir='ltr'>apud</span> 
     </span>
     <span class='ocr_line' id='line_1_22' title="bbox 356 2605 1622 2695; baseline 0.007 -25"><span class='ocrx_word' id='word_1_165' title='bbox 356 2605 574 2672; x_wconf 89' lang='lat' dir='ltr'>Mediolanum</span> <span class='ocrx_word' id='word_1_166' title='bbox 591 2608 622 2672; x_wconf 92' lang='lat' dir='ltr'>in</span> <span class='ocrx_word' id='word_1_167' title='bbox 646 2608 784 2693; x_wconf 86' lang='lat' dir='ltr'>generali</span> <span class='ocrx_word' id='word_1_168' title='bbox 802 2608 937 2695; x_wconf 91' lang='lat' dir='ltr'>capitulo</span> <span class='ocrx_word' id='word_1_169' title='bbox 962 2611 1162 2695; x_wconf 89' lang='lat' dir='ltr'>congregatis</span> <span class='ocrx_word' id='word_1_170' title='bbox 1186 2610 1369 2678; x_wconf 87' lang='lat' dir='ltr'>salutemet</span> <span class='ocrx_word' id='word_1_171' title='bbox 1392 2634 1536 2678; x_wconf 90' lang='lat' dir='ltr'>amorem</span> <span class='ocrx_word' id='word_1_172' title='bbox 1560 2615 1622 2679; x_wconf 93' lang='lat' dir='ltr'>sin·</span> 
     </span>
     <span class='ocr_line' id='line_1_23' title="bbox 356 2693 1622 2786; baseline 0.006 -27"><span class='ocrx_word' id='word_1_173' title='bbox 356 2716 474 2759; x_wconf 87' lang='lat' dir='ltr'>cerum.</span> <span class='ocrx_word' id='word_1_174' title='bbox 509 2693 684 2761; x_wconf 89' lang='lat' dir='ltr'>Plasmator</span> <span class='ocrx_word' id='word_1_175' title='bbox 707 2695 846 2762; x_wconf 90' lang='lat' dir='ltr'>hominis</span> <span class='ocrx_word' id='word_1_176' title='bbox 863 2696 950 2763; x_wconf 92' lang='lat' dir='ltr'>Deus</span> <span class='ocrx_word' id='word_1_177' title='bbox 975 2695 1160 2763; x_wconf 91' lang='lat' dir='ltr'>immutabili</span> <span class='ocrx_word' id='word_1_178' title='bbox 1183 2697 1253 2784; x_wconf 87' lang='lat' dir='ltr'>lege</span> <span class='ocrx_word' id='word_1_179' title='bbox 1276 2698 1421 2765; x_wconf 86' lang='lat' dir='ltr'>universa</span> <span class='ocrx_word' id='word_1_180' title='bbox 1438 2698 1622 2786; x_wconf 89' lang='lat' dir='ltr'>disponens,</span> 
     </span>
    </p>
   </div>
   <div class='ocr_carea' id='block_1_8' title="bbox 355 2781 1621 3021">
    <p class='ocr_par' dir='ltr' id='par_1_9' title="bbox 355 2781 1621 3021">
     <span class='ocr_line' id='line_1_24' title="bbox 355 2781 1621 2872; baseline 0.006 -27"><span class='ocrx_word' id='word_1_181' title='bbox 355 2781 497 2867; x_wconf 89' lang='lat' dir='ltr'>quamvis</span> <span class='ocrx_word' id='word_1_182' title='bbox 521 2802 612 2867; x_wconf 88' lang='lat' dir='ltr'>reges</span> <span class='ocrx_word' id='word_1_183' title='bbox 635 2781 768 2867; x_wconf 86' lang='lat' dir='ltr'>preferat</span> <span class='ocrx_word' id='word_1_184' title='bbox 795 2783 919 2870; x_wconf 88' lang='lat' dir='ltr'>populis</span> <span class='ocrx_word' id='word_1_185' title='bbox 944 2795 974 2850; x_wconf 90' lang='lat' dir='ltr'>et</span> <span class='ocrx_word' id='word_1_186' title='bbox 998 2784 1154 2871; x_wconf 90' lang='lat' dir='ltr'>principes</span> <span class='ocrx_word' id='word_1_187' title='bbox 1185 2785 1355 2851; x_wconf 86' lang='lat' dir='ltr'>constituat</span> <span class='ocrx_word' id='word_1_188' title='bbox 1379 2808 1472 2872; x_wconf 90' lang='lat' dir='ltr'>super</span> <span class='ocrx_word' id='word_1_189' title='bbox 1498 2799 1621 2872; x_wconf 84' lang='lat' dir='ltr'>gentes,</span> 
     </span>
     <span class='ocr_line' id='line_1_25' title="bbox 356 2867 1620 3021; baseline 0.005 -91"><span class='ocrx_word' id='word_1_190' title='bbox 356 2867 518 2930; x_wconf 87' lang='lat' dir='ltr'>neminem</span> <span class='ocrx_word' id='word_1_191' title='bbox 544 2885 649 2932; x_wconf 91' lang='lat' dir='ltr'>tamen</span> <span class='ocrx_word' id='word_1_192' title='bbox 671 2880 962 3017; x_wconf 49' lang='lat' dir='ltr'>guantumcumque</span> <span class='ocrx_word' id='word_1_193' title='bbox 985 2871 1133 2955; x_wconf 88' lang='lat' dir='ltr'>potencie</span> <span class='ocrx_word' id='word_1_194' title='bbox 1161 2869 1379 2956; x_wconf 88' lang='lat' dir='ltr'>magnitudine</span> <span class='ocrx_word' id='word_1_195' title='bbox 1400 2883 1620 3021; x_wconf 77' lang='lat' dir='ltr'>prepete-utem</span> 
     </span>
    </p>
   </div>
   <div class='ocr_carea' id='block_1_9' title="bbox 353 2950 1623 4755">
    <p class='ocr_par' dir='ltr' id='par_1_10' title="bbox 353 2950 1623 4755">
     <span class='ocr_line' id='line_1_26' title="bbox 355 2950 1621 3055; baseline 0.006 -39"><span class='ocrx_word' id='word_1_196' title='bbox 355 2951 493 3017; x_wconf 90' lang='lat' dir='ltr'>humane</span> <span class='ocrx_word' id='word_1_197' title='bbox 517 2950 672 3018; x_wconf 85' lang='lat' dir='ltr'>redditio</span> <span class='ocrx_word' id='word_1_198' title='bbox 698 2953 829 3020; x_wconf 87' lang='lat' dir='ltr'>rmitatis</span> <span class='ocrx_word' id='word_1_199' title='bbox 853 2966 1026 3040; x_wconf 84' lang='lat' dir='ltr'>expertem,</span> <span class='ocrx_word' id='word_1_200' title='bbox 1052 2956 1126 3055; x_wconf 78' lang='lat' dir='ltr'>quin</span> <span class='ocrx_word' id='word_1_201' title='bbox 1151 2957 1386 3021; x_wconf 86' lang='lat' dir='ltr'>excommunis</span> <span class='ocrx_word' id='word_1_202' title='bbox 1410 2957 1453 3021; x_wconf 93' lang='lat' dir='ltr'>im</span> <span class='ocrx_word' id='word_1_203' title='bbox 1477 2957 1621 3024; x_wconf 88' lang='lat' dir='ltr'>ecillitate</span> 
     </span>
     <span class='ocr_line' id='line_1_27' title="bbox 356 3038 1620 3132; baseline 0.006 -29"><span class='ocrx_word' id='word_1_204' title='bbox 356 3049 465 3104; x_wconf 89' lang='lat' dir='ltr'>nature</span> <span class='ocrx_word' id='word_1_205' title='bbox 483 3059 689 3104; x_wconf 89' lang='lat' dir='ltr'>communem</span> <span class='ocrx_word' id='word_1_206' title='bbox 707 3038 864 3106; x_wconf 91' lang='lat' dir='ltr'>defectum</span> <span class='ocrx_word' id='word_1_207' title='bbox 890 3063 961 3106; x_wconf 90' lang='lat' dir='ltr'>cum</span> <span class='ocrx_word' id='word_1_208' title='bbox 979 3052 1091 3108; x_wconf 83' lang='lat' dir='ltr'>ceteris</span> <span class='ocrx_word' id='word_1_209' title='bbox 1114 3043 1262 3108; x_wconf 89' lang='lat' dir='ltr'>sortiatur</span> <span class='ocrx_word' id='word_1_210' title='bbox 1286 3054 1316 3108; x_wconf 89' lang='lat' dir='ltr'>et</span> <span class='ocrx_word' id='word_1_211' title='bbox 1333 3042 1465 3108; x_wconf 92' lang='lat' dir='ltr'>honoris</span> <span class='ocrx_word' id='word_1_212' title='bbox 1482 3047 1620 3132; x_wconf 91' lang='lat' dir='ltr'>suscepti</span> 
     </span>
     <span class='ocr_line' id='line_1_28' title="bbox 355 3123 1620 3215; baseline 0.006 -25"><span class='ocrx_word' id='word_1_213' title='bbox 355 3123 525 3211; x_wconf 84' lang='lat' dir='ltr'>fastigium,</span> <span class='ocrx_word' id='word_1_214' title='bbox 542 3147 606 3213; x_wconf 94' lang='lat' dir='ltr'>quo</span> <span class='ocrx_word' id='word_1_215' title='bbox 623 3137 670 3193; x_wconf 89' lang='lat' dir='ltr'>est</span> <span class='ocrx_word' id='word_1_216' title='bbox 686 3128 795 3213; x_wconf 87' lang='lat' dir='ltr'>majus,</span> <span class='ocrx_word' id='word_1_217' title='bbox 813 3149 852 3193; x_wconf 92' lang='lat' dir='ltr'>eo</span> <span class='ocrx_word' id='word_1_218' title='bbox 868 3129 1012 3215; x_wconf 87' lang='lat' dir='ltr'>graviora</span> <span class='ocrx_word' id='word_1_219' title='bbox 1029 3129 1160 3194; x_wconf 91' lang='lat' dir='ltr'>crimina</span> <span class='ocrx_word' id='word_1_220' title='bbox 1177 3130 1380 3210; x_wconf 88' lang='lat' dir='ltr'>comitentur,</span> <span class='ocrx_word' id='word_1_221' title='bbox 1398 3153 1482 3212; x_wconf 83' lang='lat' dir='ltr'>cunt,</span> <span class='ocrx_word' id='word_1_222' title='bbox 1523 3143 1620 3199; x_wconf 91' lang='lat' dir='ltr'>uanto</span> 
     </span>
     <span class='ocr_line' id='line_1_29' title="bbox 357 3154 1621 3306; baseline 0.007 -29"><span class='ocrx_word' id='word_1_223' title='bbox 357 3213 426 3300; x_wconf 89' lang='lat' dir='ltr'>quis</span> <span class='ocrx_word' id='word_1_224' title='bbox 450 3211 588 3300; x_wconf 89' lang='lat' dir='ltr'>pluribus</span> <span class='ocrx_word' id='word_1_225' title='bbox 616 3212 768 3300; x_wconf 90' lang='lat' dir='ltr'>presidet,</span> <span class='ocrx_word' id='word_1_226' title='bbox 799 3225 889 3282; x_wconf 90' lang='lat' dir='ltr'>tanto</span> <span class='ocrx_word' id='word_1_227' title='bbox 920 3215 951 3280; x_wconf 92' lang='lat' dir='ltr'>in</span> <span class='ocrx_word' id='word_1_228' title='bbox 981 3213 1118 3302; x_wconf 88' lang='lat' dir='ltr'>pluribus</span> <span class='ocrx_word' id='word_1_229' title='bbox 1149 3214 1248 3282; x_wconf 90' lang='lat' dir='ltr'>factus</span> <span class='ocrx_word' id='word_1_230' title='bbox 1272 3215 1395 3284; x_wconf 90' lang='lat' dir='ltr'>debitor</span> <span class='ocrx_word' id='word_1_231' title='bbox 1426 3216 1464 3285; x_wconf 92' lang='lat' dir='ltr'>ad</span> <span class='ocrx_word' id='word_1_232' title='bbox 1489 3154 1621 3306; x_wconf 77' lang='lat' dir='ltr'>plurima</span> 
     </span>
     <span class='ocr_line' id='line_1_30' title="bbox 356 3297 1621 3390; baseline 0.006 -25"><span class='ocrx_word' id='word_1_233' title='bbox 356 3297 508 3366; x_wconf 88' lang='lat' dir='ltr'>solvenda</span> <span class='ocrx_word' id='word_1_234' title='bbox 532 3298 635 3367; x_wconf 87' lang='lat' dir='ltr'>debita</span> <span class='ocrx_word' id='word_1_235' title='bbox 658 3302 697 3368; x_wconf 91' lang='lat' dir='ltr'>sit</span> <span class='ocrx_word' id='word_1_236' title='bbox 720 3302 873 3368; x_wconf 90' lang='lat' dir='ltr'>astrictus.</span> <span class='ocrx_word' id='word_1_237' title='bbox 913 3301 1123 3370; x_wconf 91' lang='lat' dir='ltr'>Attendentes</span> <span class='ocrx_word' id='word_1_238' title='bbox 1148 3304 1242 3390; x_wconf 90' lang='lat' dir='ltr'>igitur</span> <span class='ocrx_word' id='word_1_239' title='bbox 1258 3305 1289 3370; x_wconf 88' lang='lat' dir='ltr'>in</span> <span class='ocrx_word' id='word_1_240' title='bbox 1314 3304 1512 3372; x_wconf 89' lang='lat' dir='ltr'>subditorum</span> <span class='ocrx_word' id='word_1_241' title='bbox 1529 3305 1621 3374; x_wconf 88' lang='lat' dir='ltr'>uobis</span> 
     </span>
     <span class='ocr_line' id='line_1_31' title="bbox 356 3387 1622 3480; baseline 0.008 -28"><span class='ocrx_word' id='word_1_242' title='bbox 356 3387 512 3474; x_wconf 89' lang='lat' dir='ltr'>regimine</span> <span class='ocrx_word' id='word_1_243' title='bbox 534 3387 726 3476; x_wconf 88' lang='lat' dir='ltr'>populorum</span> <span class='ocrx_word' id='word_1_244' title='bbox 750 3389 875 3477; x_wconf 89' lang='lat' dir='ltr'>pondus</span> <span class='ocrx_word' id='word_1_245' title='bbox 905 3413 1056 3480; x_wconf 87' lang='lat' dir='ltr'>pregrave</span> <span class='ocrx_word' id='word_1_246' title='bbox 1080 3393 1196 3458; x_wconf 91' lang='lat' dir='ltr'>nostris</span> <span class='ocrx_word' id='word_1_247' title='bbox 1228 3392 1367 3459; x_wconf 86' lang='lat' dir='ltr'>lmmeris</span> <span class='ocrx_word' id='word_1_248' title='bbox 1391 3395 1557 3462; x_wconf 88' lang='lat' dir='ltr'>imminere</span> <span class='ocrx_word' id='word_1_249' title='bbox 1587 3419 1622 3462; x_wconf 86' lang='lat' dir='ltr'>ac</span> 
     </span>
     <span class='ocr_line' id='line_1_32' title="bbox 356 3473 1621 3570; baseline 0.006 -30"><span class='ocrx_word' id='word_1_250' title='bbox 356 3474 394 3542; x_wconf 88' lang='lat' dir='ltr'>ad</span> <span class='ocrx_word' id='word_1_251' title='bbox 418 3473 449 3541; x_wconf 92' lang='lat' dir='ltr'>id</span> <span class='ocrx_word' id='word_1_252' title='bbox 465 3475 657 3563; x_wconf 92' lang='lat' dir='ltr'>portandum</span> <span class='ocrx_word' id='word_1_253' title='bbox 674 3495 853 3563; x_wconf 85' lang='lat' dir='ltr'>reputantes</span> <span class='ocrx_word' id='word_1_254' title='bbox 871 3500 938 3544; x_wconf 90' lang='lat' dir='ltr'>non</span> <span class='ocrx_word' id='word_1_255' title='bbox 962 3477 1106 3545; x_wconf 86' lang='lat' dir='ltr'>sufficere</span> <span class='ocrx_word' id='word_1_256' title='bbox 1123 3481 1204 3546; x_wconf 90' lang='lat' dir='ltr'>vires</span> <span class='ocrx_word' id='word_1_257' title='bbox 1228 3499 1363 3562; x_wconf 77' lang='lat' dir='ltr'>nostraS,</span> <span class='ocrx_word' id='word_1_258' title='bbox 1388 3483 1447 3547; x_wconf 90' lang='lat' dir='ltr'>nisi</span> <span class='ocrx_word' id='word_1_259' title='bbox 1464 3483 1500 3563; x_wconf 92' lang='lat' dir='ltr'>is,</span> <span class='ocrx_word' id='word_1_260' title='bbox 1524 3505 1540 3547; x_wconf 90' lang='lat' dir='ltr'>a</span> <span class='ocrx_word' id='word_1_261' title='bbox 1557 3505 1621 3570; x_wconf 92' lang='lat' dir='ltr'>quo</span> 
     </span>
     <span class='ocr_line' id='line_1_33' title="bbox 356 3560 1621 3654; baseline 0.006 -28"><span class='ocrx_word' id='word_1_262' title='bbox 356 3560 478 3627; x_wconf 90' lang='lat' dir='ltr'>donum</span> <span class='ocrx_word' id='word_1_263' title='bbox 503 3584 601 3627; x_wconf 90' lang='lat' dir='ltr'>omne</span> <span class='ocrx_word' id='word_1_264' title='bbox 618 3562 791 3648; x_wconf 90' lang='lat' dir='ltr'>perfectum</span> <span class='ocrx_word' id='word_1_265' title='bbox 816 3564 921 3650; x_wconf 92' lang='lat' dir='ltr'>prodit</span> <span class='ocrx_word' id='word_1_266' title='bbox 945 3577 975 3631; x_wconf 91' lang='lat' dir='ltr'>et</span> <span class='ocrx_word' id='word_1_267' title='bbox 992 3566 1160 3650; x_wconf 88' lang='lat' dir='ltr'>optimum,</span> <span class='ocrx_word' id='word_1_268' title='bbox 1185 3586 1330 3633; x_wconf 90' lang='lat' dir='ltr'>nostrum</span> <span class='ocrx_word' id='word_1_269' title='bbox 1347 3568 1489 3653; x_wconf 87' lang='lat' dir='ltr'>suppleat</span> <span class='ocrx_word' id='word_1_270' title='bbox 1506 3570 1621 3654; x_wconf 89' lang='lat' dir='ltr'>imper-</span> 
     </span>
     <span class='ocr_line' id='line_1_34' title="bbox 356 3645 1623 3738; baseline 0.008 -28"><span class='ocrx_word' id='word_1_271' title='bbox 356 3645 488 3729; x_wconf 90' lang='lat' dir='ltr'>fectum,</span> <span class='ocrx_word' id='word_1_272' title='bbox 517 3647 555 3714; x_wconf 88' lang='lat' dir='ltr'>ad</span> <span class='ocrx_word' id='word_1_273' title='bbox 578 3659 717 3714; x_wconf 88' lang='lat' dir='ltr'>vestrum</span> <span class='ocrx_word' id='word_1_274' title='bbox 743 3659 774 3715; x_wconf 92' lang='lat' dir='ltr'>et</span> <span class='ocrx_word' id='word_1_275' title='bbox 797 3649 917 3716; x_wconf 90' lang='lat' dir='ltr'>ordinis</span> <span class='ocrx_word' id='word_1_276' title='bbox 940 3652 1050 3730; x_wconf 89' lang='lat' dir='ltr'>vestri,</span> <span class='ocrx_word' id='word_1_277' title='bbox 1082 3653 1167 3738; x_wconf 81' lang='lat' dir='ltr'>cujus</span> <span class='ocrx_word' id='word_1_278' title='bbox 1190 3651 1324 3738; x_wconf 85' lang='lat' dir='ltr'>presidia</span> <span class='ocrx_word' id='word_1_279' title='bbox 1348 3652 1546 3720; x_wconf 85' lang='lat' dir='ltr'>confidenter</span> <span class='ocrx_word' id='word_1_280' title='bbox 1571 3677 1623 3720; x_wconf 88' lang='lat' dir='ltr'>ex-</span> 
     </span>
     <span class='ocr_line' id='line_1_35' title="bbox 356 3733 1622 3826; baseline 0.006 -27"><span class='ocrx_word' id='word_1_281' title='bbox 356 3733 509 3820; x_wconf 88' lang='lat' dir='ltr'>petimus,</span> <span class='ocrx_word' id='word_1_282' title='bbox 549 3733 694 3801; x_wconf 87' lang='lat' dir='ltr'>duxinms</span> <span class='ocrx_word' id='word_1_283' title='bbox 729 3734 876 3802; x_wconf 87' lang='lat' dir='ltr'>auxilium</span> <span class='ocrx_word' id='word_1_284' title='bbox 911 3737 1084 3824; x_wconf 88' lang='lat' dir='ltr'>specialiter</span> <span class='ocrx_word' id='word_1_285' title='bbox 1121 3738 1367 3820; x_wconf 91' lang='lat' dir='ltr'>recurrendum,</span> <span class='ocrx_word' id='word_1_286' title='bbox 1402 3761 1551 3826; x_wconf 88' lang='lat' dir='ltr'>rogantes</span> <span class='ocrx_word' id='word_1_287' title='bbox 1591 3755 1622 3808; x_wconf 92' lang='lat' dir='ltr'>et</span> 
     </span>
     <span class='ocr_line' id='line_1_36' title="bbox 357 3821 1622 3912; baseline 0.006 -26"><span class='ocrx_word' id='word_1_288' title='bbox 357 3821 527 3887; x_wconf 89' lang='lat' dir='ltr'>instancius</span> <span class='ocrx_word' id='word_1_289' title='bbox 550 3821 761 3908; x_wconf 89' lang='lat' dir='ltr'>postulantes,</span> <span class='ocrx_word' id='word_1_290' title='bbox 789 3843 942 3912; x_wconf 88' lang='lat' dir='ltr'>quatenus</span> <span class='ocrx_word' id='word_1_291' title='bbox 966 3825 1076 3892; x_wconf 90' lang='lat' dir='ltr'>vestris</span> <span class='ocrx_word' id='word_1_292' title='bbox 1100 3827 1195 3891; x_wconf 91' lang='lat' dir='ltr'>sacris</span> <span class='ocrx_word' id='word_1_293' title='bbox 1219 3825 1414 3892; x_wconf 89' lang='lat' dir='ltr'>orationibus</span> <span class='ocrx_word' id='word_1_294' title='bbox 1437 3827 1538 3894; x_wconf 91' lang='lat' dir='ltr'>velitis</span> <span class='ocrx_word' id='word_1_295' title='bbox 1562 3851 1622 3894; x_wconf 93' lang='lat' dir='ltr'>nos</span> 
     </span>
     <span class='ocr_line' id='line_1_37' title="bbox 355 3907 1620 4000; baseline 0.006 -28"><span class='ocrx_word' id='word_1_296' title='bbox 355 3909 468 3994; x_wconf 86' lang='lat' dir='ltr'>jugiter</span> <span class='ocrx_word' id='word_1_297' title='bbox 491 3907 573 3994; x_wconf 87' lang='lat' dir='ltr'>apud</span> <span class='ocrx_word' id='word_1_298' title='bbox 596 3907 764 3975; x_wconf 90' lang='lat' dir='ltr'>dominum</span> <span class='ocrx_word' id='word_1_299' title='bbox 788 3909 943 3993; x_wconf 88' lang='lat' dir='ltr'>adiuvare,</span> <span class='ocrx_word' id='word_1_300' title='bbox 967 3923 1094 3978; x_wconf 89' lang='lat' dir='ltr'>orantes</span> <span class='ocrx_word' id='word_1_301' title='bbox 1118 3911 1156 3978; x_wconf 88' lang='lat' dir='ltr'>ad</span> <span class='ocrx_word' id='word_1_302' title='bbox 1180 3914 1301 4000; x_wconf 92' lang='lat' dir='ltr'>ipsum,</span> <span class='ocrx_word' id='word_1_303' title='bbox 1326 3925 1374 3994; x_wconf 88' lang='lat' dir='ltr'>ut,</span> <span class='ocrx_word' id='word_1_304' title='bbox 1398 3914 1448 4000; x_wconf 92' lang='lat' dir='ltr'>qui</span> <span class='ocrx_word' id='word_1_305' title='bbox 1474 3913 1620 4000; x_wconf 90' lang='lat' dir='ltr'>dignatus</span> 
     </span>
     <span class='ocr_line' id='line_1_38' title="bbox 356 3992 1620 4090; baseline 0.008 -32"><span class='ocrx_word' id='word_1_306' title='bbox 356 4005 403 4060; x_wconf 92' lang='lat' dir='ltr'>est</span> <span class='ocrx_word' id='word_1_307' title='bbox 431 4015 492 4059; x_wconf 91' lang='lat' dir='ltr'>nos</span> <span class='ocrx_word' id='word_1_308' title='bbox 520 3992 558 4060; x_wconf 92' lang='lat' dir='ltr'>ad</span> <span class='ocrx_word' id='word_1_309' title='bbox 587 3996 676 4082; x_wconf 90' lang='lat' dir='ltr'>regni</span> <span class='ocrx_word' id='word_1_310' title='bbox 704 3995 825 4084; x_wconf 89' lang='lat' dir='ltr'>fastigia</span> <span class='ocrx_word' id='word_1_311' title='bbox 853 4019 1045 4084; x_wconf 90' lang='lat' dir='ltr'>promovere</span> <span class='ocrx_word' id='word_1_312' title='bbox 1070 4009 1100 4065; x_wconf 90' lang='lat' dir='ltr'>et</span> <span class='ocrx_word' id='word_1_313' title='bbox 1129 3997 1168 4065; x_wconf 92' lang='lat' dir='ltr'>de</span> <span class='ocrx_word' id='word_1_314' title='bbox 1197 3999 1340 4066; x_wconf 91' lang='lat' dir='ltr'>hostibus</span> <span class='ocrx_word' id='word_1_315' title='bbox 1365 3998 1495 4066; x_wconf 90' lang='lat' dir='ltr'>ecclesie</span> <span class='ocrx_word' id='word_1_316' title='bbox 1526 4012 1620 4090; x_wconf 91' lang='lat' dir='ltr'>atque</span> 
     </span>
     <span class='ocr_line' id='line_1_39' title="bbox 356 4079 1620 4174; baseline 0.006 -28"><span class='ocrx_word' id='word_1_317' title='bbox 356 4081 472 4147; x_wconf 92' lang='lat' dir='ltr'>nostris</span> <span class='ocrx_word' id='word_1_318' title='bbox 489 4079 561 4147; x_wconf 90' lang='lat' dir='ltr'>dare</span> <span class='ocrx_word' id='word_1_319' title='bbox 577 4082 784 4168; x_wconf 90' lang='lat' dir='ltr'>triumphum,</span> <span class='ocrx_word' id='word_1_320' title='bbox 802 4082 913 4170; x_wconf 90' lang='lat' dir='ltr'>dirigat</span> <span class='ocrx_word' id='word_1_321' title='bbox 928 4087 1010 4171; x_wconf 82' lang='lat' dir='ltr'>juxta</span> <span class='ocrx_word' id='word_1_322' title='bbox 1026 4107 1118 4151; x_wconf 90' lang='lat' dir='ltr'>suum</span> <span class='ocrx_word' id='word_1_323' title='bbox 1132 4085 1362 4174; x_wconf 87' lang='lat' dir='ltr'>beneplacitum</span> <span class='ocrx_word' id='word_1_324' title='bbox 1378 4098 1464 4152; x_wconf 88' lang='lat' dir='ltr'>actus</span> <span class='ocrx_word' id='word_1_325' title='bbox 1481 4101 1620 4169; x_wconf 86' lang='lat' dir='ltr'>nostros,</span> 
     </span>
     <span class='ocr_line' id='line_1_40' title="bbox 355 4167 1619 4262; baseline 0.006 -30"><span class='ocrx_word' id='word_1_326' title='bbox 355 4167 502 4234; x_wconf 91' lang='lat' dir='ltr'>inimicos</span> <span class='ocrx_word' id='word_1_327' title='bbox 518 4167 656 4256; x_wconf 89' lang='lat' dir='ltr'>reliquos</span> <span class='ocrx_word' id='word_1_328' title='bbox 672 4191 727 4234; x_wconf 90' lang='lat' dir='ltr'>sua</span> <span class='ocrx_word' id='word_1_329' title='bbox 743 4171 857 4237; x_wconf 90' lang='lat' dir='ltr'>virtute</span> <span class='ocrx_word' id='word_1_330' title='bbox 874 4170 1051 4258; x_wconf 87' lang='lat' dir='ltr'>confringat</span> <span class='ocrx_word' id='word_1_331' title='bbox 1067 4171 1241 4262; x_wconf 91' lang='lat' dir='ltr'>tribuatque</span> <span class='ocrx_word' id='word_1_332' title='bbox 1259 4172 1350 4240; x_wconf 93' lang='lat' dir='ltr'>nobis</span> <span class='ocrx_word' id='word_1_333' title='bbox 1373 4172 1412 4239; x_wconf 89' lang='lat' dir='ltr'>ad</span> <span class='ocrx_word' id='word_1_334' title='bbox 1427 4175 1474 4239; x_wconf 91' lang='lat' dir='ltr'>sui</span> <span class='ocrx_word' id='word_1_335' title='bbox 1494 4173 1619 4241; x_wconf 91' lang='lat' dir='ltr'>laudem</span> 
     </span>
     <span class='ocr_line' id='line_1_41' title="bbox 356 4255 1620 4348; baseline 0.006 -27"><span class='ocrx_word' id='word_1_336' title='bbox 356 4267 386 4322; x_wconf 90' lang='lat' dir='ltr'>et</span> <span class='ocrx_word' id='word_1_337' title='bbox 408 4255 542 4342; x_wconf 90' lang='lat' dir='ltr'>gloriam</span> <span class='ocrx_word' id='word_1_338' title='bbox 570 4256 602 4338; x_wconf 90' lang='lat' dir='ltr'>in</span> <span class='ocrx_word' id='word_1_339' title='bbox 627 4256 710 4342; x_wconf 89' lang='lat' dir='ltr'>pacis</span> <span class='ocrx_word' id='word_1_340' title='bbox 763 4256 949 4325; x_wconf 90' lang='lat' dir='ltr'>ulcritudine</span> <span class='ocrx_word' id='word_1_341' title='bbox 977 4271 1008 4326; x_wconf 93' lang='lat' dir='ltr'>et</span> <span class='ocrx_word' id='word_1_342' title='bbox 1036 4260 1156 4346; x_wconf 88' lang='lat' dir='ltr'>justicie</span> <span class='ocrx_word' id='word_1_343' title='bbox 1187 4262 1277 4348; x_wconf 90' lang='lat' dir='ltr'>copia</span> <span class='ocrx_word' id='word_1_344' title='bbox 1306 4262 1497 4327; x_wconf 89' lang='lat' dir='ltr'>commissos</span> <span class='ocrx_word' id='word_1_345' title='bbox 1528 4261 1620 4328; x_wconf 89' lang='lat' dir='ltr'>uobis</span> 
     </span>
     <span class='ocr_line' id='line_1_42' title="bbox 354 4279 1618 4435; baseline 0.006 -29"><span class='ocrx_word' id='word_1_346' title='bbox 354 4341 490 4429; x_wconf 89' lang='lat' dir='ltr'>populos</span> <span class='ocrx_word' id='word_1_347' title='bbox 513 4340 675 4408; x_wconf 89' lang='lat' dir='ltr'>salubriter</span> <span class='ocrx_word' id='word_1_348' title='bbox 701 4279 885 4427; x_wconf 86' lang='lat' dir='ltr'>gubernare.</span> <span class='ocrx_word' id='word_1_349' title='bbox 930 4346 1002 4412; x_wconf 90' lang='lat' dir='ltr'>Nos</span> <span class='ocrx_word' id='word_1_350' title='bbox 1030 4348 1131 4429; x_wconf 87' lang='lat' dir='ltr'>enirn,</span> <span class='ocrx_word' id='word_1_351' title='bbox 1159 4349 1212 4435; x_wconf 90' lang='lat' dir='ltr'>qui</span> <span class='ocrx_word' id='word_1_352' title='bbox 1235 4347 1273 4414; x_wconf 93' lang='lat' dir='ltr'>ad</span> <span class='ocrx_word' id='word_1_353' title='bbox 1301 4367 1440 4415; x_wconf 91' lang='lat' dir='ltr'>vestrum</span> <span class='ocrx_word' id='word_1_354' title='bbox 1472 4347 1618 4414; x_wconf 89' lang='lat' dir='ltr'>ordinem</span> 
     </span>
     <span class='ocr_line' id='line_1_43' title="bbox 354 4428 1621 4521; baseline 0.006 -27"><span class='ocrx_word' id='word_1_355' title='bbox 354 4428 520 4515; x_wconf 90' lang='lat' dir='ltr'>specialem</span> <span class='ocrx_word' id='word_1_356' title='bbox 538 4428 686 4496; x_wconf 87' lang='lat' dir='ltr'>affectum</span> <span class='ocrx_word' id='word_1_357' title='bbox 703 4452 829 4518; x_wconf 89' lang='lat' dir='ltr'>semper</span> <span class='ocrx_word' id='word_1_358' title='bbox 845 4430 1010 4499; x_wconf 88' lang='lat' dir='ltr'>habuimus</span> <span class='ocrx_word' id='word_1_359' title='bbox 1027 4445 1058 4500; x_wconf 92' lang='lat' dir='ltr'>et</span> <span class='ocrx_word' id='word_1_360' title='bbox 1076 4433 1238 4516; x_wconf 88' lang='lat' dir='ltr'>habemus,</span> <span class='ocrx_word' id='word_1_361' title='bbox 1262 4436 1472 4521; x_wconf 89' lang='lat' dir='ltr'>proponimus</span> <span class='ocrx_word' id='word_1_362' title='bbox 1488 4433 1621 4502; x_wconf 88' lang='lat' dir='ltr'>firmiter</span> 
     </span>
     <span class='ocr_line' id='line_1_44' title="bbox 353 4514 1621 4607; baseline 0.005 -26"><span class='ocrx_word' id='word_1_363' title='bbox 353 4517 457 4602; x_wconf 89' lang='lat' dir='ltr'>ipsum</span> <span class='ocrx_word' id='word_1_364' title='bbox 485 4514 631 4582; x_wconf 91' lang='lat' dir='ltr'>ordinem</span> <span class='ocrx_word' id='word_1_365' title='bbox 665 4535 695 4583; x_wconf 91' lang='lat' dir='ltr'>et</span> <span class='ocrx_word' id='word_1_366' title='bbox 723 4539 874 4604; x_wconf 91' lang='lat' dir='ltr'>personas</span> <span class='ocrx_word' id='word_1_367' title='bbox 905 4518 1045 4605; x_wconf 87' lang='lat' dir='ltr'>ejusdem</span> <span class='ocrx_word' id='word_1_368' title='bbox 1076 4518 1220 4606; x_wconf 90' lang='lat' dir='ltr'>diligere,</span> <span class='ocrx_word' id='word_1_369' title='bbox 1251 4522 1415 4607; x_wconf 90' lang='lat' dir='ltr'>prevenire</span> <span class='ocrx_word' id='word_1_370' title='bbox 1444 4521 1621 4588; x_wconf 91' lang='lat' dir='ltr'>honoribus</span> 
     </span>
     <span class='ocr_line' id='line_1_45' title="bbox 354 4600 1620 4754; baseline 0.006 -87"><span class='ocrx_word' id='word_1_371' title='bbox 354 4604 482 4754; x_wconf 55' lang='lat' dir='ltr'>gusque</span> <span class='ocrx_word' id='word_1_372' title='bbox 498 4600 619 4668; x_wconf 92' lang='lat' dir='ltr'>ordinis</span> <span class='ocrx_word' id='word_1_373' title='bbox 635 4613 751 4670; x_wconf 91' lang='lat' dir='ltr'>statum</span> <span class='ocrx_word' id='word_1_374' title='bbox 769 4603 927 4672; x_wconf 90' lang='lat' dir='ltr'>favoribus</span> <span class='ocrx_word' id='word_1_375' title='bbox 944 4618 975 4672; x_wconf 91' lang='lat' dir='ltr'>et</span> <span class='ocrx_word' id='word_1_376' title='bbox 991 4605 1133 4692; x_wconf 91' lang='lat' dir='ltr'>presidiis</span> <span class='ocrx_word' id='word_1_377' title='bbox 1157 4625 1285 4673; x_wconf 89' lang='lat' dir='ltr'>auctore</span> <span class='ocrx_word' id='word_1_378' title='bbox 1302 4605 1437 4674; x_wconf 90' lang='lat' dir='ltr'>domino</span> <span class='ocrx_word' id='word_1_379' title='bbox 1461 4607 1620 4695; x_wconf 88' lang='lat' dir='ltr'>ampliare.</span> 
     </span>
     <span class='ocr_line' id='line_1_46' title="bbox 386 4701 511 4755; baseline -0.008 0"><span class='ocrx_word' id='word_1_380' title='bbox 386 4708 425 4755; x_wconf 82' lang='lat' dir='ltr'>at.</span> <span class='ocrx_word' id='word_1_381' title='bbox 453 4701 511 4755; x_wconf 89' lang='lat' dir='ltr'>etc.</span> 
     </span>
    </p>
   </div>
   <div class='ocr_carea' id='block_1_10' title="bbox 0 0 1918 5590">
    <p class='ocr_par' dir='ltr' id='par_1_11' title="bbox 0 0 1918 5590">
     <span class='ocr_line' id='line_1_47' title="bbox 0 0 1918 5590; baseline 0 0"><span class='ocrx_word' id='word_1_382' title='bbox 0 0 1918 5590; x_wconf 95' lang='lat' dir='ltr'> </span> 
     </span>
    </p>
   </div>
  </div>
 </body>
</html>
