3822 5592
308 648 428 718 1³1275.
898 646 993 701 Briese.
1537 651 1578 716 99

308 805 456 889 gregatis.
502 803 570 881 Qui
615 803 680 868 uasi
711 800 860 868 divinitus
890 802 1006 868 moniti
1029 801 1231 870 concorditer
1253 801 1293 869 ad
1323 801 1386 870 hoc
1408 803 1492 870 votis
1515 803 1579 870 sin-

309 887 480 954 cerioribus
509 887 608 974 aspira
630 899 699 968 ant,
726 888 874 975 quatinus
903 899 1082 955 conventus
1105 889 1206 956 nostri
1230 887 1350 956 ordinis
1378 889 1411 955 in
1433 887 1577 977 predicto

308 975 383 1041 loco
398 984 549 1041 statuatur
572 973 630 1040 sub
646 973 754 1041 divino
778 965 857 1042 nulu
881 986 912 1042 et
927 986 1032 1042 vestre
1054 973 1193 1063 presidio
1210 975 1394 1059 honestatis,
1418 975 1477 1066 qui.
1487 975 1578 1043 vobis

309 1059 399 1129 cedat
414 1059 453 1128 ad
476 1063 623 1129 meritum
642 1071 673 1128 et
689 1059 780 1129 saluti
802 1061 949 1150 proficiat
964 1063 1151 1129 animarum.
1187 1063 1271 1130 Cum
1287 1063 1382 1150 igitur
1395 1063 1578 1130 karissimos

309 1151 342 1215 in
365 1149 494 1217 Christo
513 1201 545 1216 ..
568 1149 708 1237 priorem
730 1149 772 1216 N.
798 1161 829 1218 et
852 1149 961 1218 fratres
985 1147 1141 1238 quosdam
1165 1147 1387 1218 destinaverim
1411 1148 1579 1238 adhujus·

309 1236 399 1304 modi
414 1238 581 1326 negotium
598 1235 832 1326 exequendum,
856 1237 1053 1306 nobilitatem
1069 1242 1205 1306 vestiam
1222 1259 1316 1325 rogo,
1339 1239 1421 1306 sicut
1435 1261 1579 1327 possum,

309 1335 462 1414 quatenus
486 1327 560 1414 ipsis
583 1325 706 1392 adesset
730 1343 761 1393 et
784 1327 929 1393 assistere
953 1324 1130 1428 dignemini
1153 1336 1323 1414 oportune,
1350 1323 1578 1415 impedimenta

309 1411 447 1502 undique
463 1411 661 1481 removendo
679 1424 710 1481 et
725 1411 810 1480 utilia
830 1436 889 1502 pro
906 1413 1003 1482 divim
1019 1415 1160 1480 nominis
1176 1414 1352 1481 reverentia
1366 1413 1577 1503 procurando.

309 1501 441 1588 Semper
463 1499 563 1568 valeat
586 1512 618 1568 et
641 1519 760 1567 crescat
784 1502 975 1589 prosperitas
999 1519 1112 1582 vestra.

309 1629 312 1634 ·
319 1628 383 1634 —-
388 1629 413 1634 --
417 1627 624 1635 ...-———————.-

414 1675 469 1730 Fol.
493 1686 576 1744 ¹3⁰⁹·

920 1829 969 1898 74.

412 1955 480 2021 Der·
504 1953 642 2019 Konvent
669 1976 728 2019 von
754 1953 853 2042 Steige
880 1953 964 2019 litter
992 1955 1049 2020 den
1080 1953 1326 2042 Ordensgeneral
1349 1953 1499 2036 lohannes
1526 1957 1578 2018 utu

308 2041 486 2129 Arrfnahme
509 2047 541 2106 in
564 2041 621 2106 den
649 2039 791 2106 Verband
812 2041 862 2106 des
885 2040 1224 2108 Dominikanerordens.
1272 2038 1351 2128 (Um
1376 2060 1437 2125 127
1440 2039 1486 2130 5.)

320 2175 322 2178 ·
414 2151 602 2218 Honorabili
619 2163 651 2218 et
669 2151 820 2238 religioso
840 2153 910 2218 viro
934 2152 1019 2219 fratri
1034 2151 1205 2241 Io(hanni)
1230 2154 1383 2239 magistro
1407 2149 1578 2218 ordinis..

308 2239 405 2326 prior,
423 2290 430 2304 .
449 2291 456 2304 .
473 2239 620 2326 supprior
642 2248 792 2326 totusque
809 2249 986 2305 conventus
1009 2238 1137 2305 fratrum
1163 2236 1203 2304 de
1219 2239 1273 2306 Ste
1320 2261 1337 2304 a
1360 2261 1434 2305 cum
1456 2235 1580 2304 devotis

309 2324 504 2393 orationibus
523 2324 672 2392 affectum
696 2326 872 2392 reverentie
896 2325 996 2392 filialis
1021 2378 1028 2392 .
1054 2379 1060 2392 .
1085 2327 1177 2393 Pater
1200 2261 1350 2407 amabilis,
1374 2348 1435 2392 nos
1459 2347 1579 2405 sumus,

310 2436 446 2503 quorum
479 2411 672 2502 professioni
705 2411 860 2481 dederunt
892 2414 1051 2502 originem
1080 2465 1087 2480 .
1113 2465 1120 2482 .
1146 2463 1153 2480 .
1182 2411 1293 2481 fratres
1325 2411 1445 2481 ordinis
1473 2412 1579 2494 vestri,

310 2525 390 2592 quos
421 2502 465 2568 Ar
489 2499 700 2592 entinen(sis)
730 2500 902 2592 dioc(esis)
930 2500 1148 2569 Predicatores
1180 2499 1288 2570 habuit
1316 2501 1509 2590 primitivos,
1533 2497 1580 2569 ,de

310 2589 422 2679 quibus
445 2525 547 2656 adhuc
570 2589 647 2658 vivit
668 2588 811 2656 residuus
835 2588 928 2657 frater
951 2588 1097 2658 videlicet
1112 2587 1338 2693 Alex(ander).
1373 2589 1451 2678 Ipsis
1474 2589 1579 2678 itaque
1652 2603 1654 2607 '

310 2676 520 2766 plantantibus
545 2730 552 2744 .
578 2730 585 2744 .
612 2729 618 2744 .
641 2677 753 2766 rigavit
772 2675 863 2745 sedes
882 2677 1059 2766 'apostolica
1082 2677 1312 2760 ratihabitione,
1335 2675 1580 2745 confirmatione

311 2777 342 2834 et
362 2765 534 2918 privilegiis
550 2763 758 2832 favorabiliter
780 2765 1029 2853 prosequendo.
1048 2817 1055 2831 .
1074 2816 1081 2831 .
1098 2767 1135 2832 In
1158 2763 1342 2832 huiusmodi
1364 2765 1468 2852 itaque
1486 2763 1580 2830 bonis

311 2851 361 2917 col
373 2842 430 2918 atis
448 2875 484 2918 ce
496 2853 557 2918 itus
574 2850 747 2918 exultantes
771 2851 834 2918 hoc
857 2851 963 2918 solum
978 2851 1229 2938 ingemiscimus,
1253 2848 1341 2939 quod
1356 2848 1502 2917 nondum
1520 2901 1527 2915 .
1546 2901 1552 2916 .
1571 2901 1579 2918 .
1679 2861 1681 2868 '

310 2939 342 3003 in
358 2945 541 3004 sanctorum
557 2935 753 3038 plenitudine
770 2935 959 3004 detinemur.
985 2937 1159 3004 Militamus
1175 2939 1262 3004 enim
1278 2937 1335 3004 sub
1352 2935 1414 3003 loci
1430 2937 1579 3018 antistite,

310 3026 396 3091 cu'us
420 3022 628 3092 iurisdictioni
653 3048 714 3090 nos
737 3021 850 3092 subicit
873 3025 921 3091 ius
942 3048 1116 3092 commune
1140 3024 1200 3114 (i).
1246 3025 1450 3112 Respiramus
1473 3030 1579 3091 autem

309 3049 366 3180 sub
388 3111 517 3179 fratrum
542 3121 723 3178 vestrorum
747 3121 924 3180 conventus
947 3113 1191 3200 Argentinensis
1215 3111 1364 3195 culmine,
1388 3111 1499 3200 quibus
1519 3134 1580 3178 nos

309 3197 514 3267 commendat
537 3197 759 3267 beneficiums
783 3199 888 3268 eciale.
924 3201 1007 3267 Nam
1032 3199 1069 3266 ab
1093 3201 1168 3288 ipsis
1183 3201 1356 3283 visitamur,
1380 3200 1580 3288 corrigimur,

308 3287 518 3355 reformamur
541 3289 727 3356 auctoritate
751 3223 997 3356 diocesanorum
1026 3287 1084 3356 sibi
1113 3288 1250 3356 invicem
1279 3285 1517 3356 succedentium
1542 3285 1580 3356 ab

311 3378 400 3442 annis
424 3377 545 3442 circiter
561 3376 596 3441 L.
639 3377 711 3443 Hoc
735 3377 768 3442 iu
792 3375 876 3444 bivio
900 3377 1390 3465 constituti...prosternimus
1413 3377 1489 3443 totis
1512 3399 1581 3464 pre-

310 3462 425 3531 cordiis
449 3481 626 3544 exorantes,
649 3465 795 3552 quatinus
819 3483 1016 3532 conventum
1039 3475 1186 3532 nostrum
1203 3489 1276 3532 cum
1300 3463 1419 3531 duabus
1442 3465 1581 3552 grangiis

309 3562 415 3618 vestro
438 3551 633 3638 incorporari
657 3550 760 3617 ordini
783 3574 839 3617 seu
863 3553 944 3617 uniri
968 3553 1070 3619 immo
1095 3551 1193 3619 subici
1217 3550 1408 3619 concedatis.

309 3675 624 3686 w...

416 3725 472 3779 Fol.
505 3740 561 3794 133.
611 3725 645 3778 Es
676 3726 709 3778 ist
740 3743 771 3777 zu
802 3724 893 3778 heiner
921 3742 1022 3796 engern
1050 3726 1225 3798 Verbiudung
1252 3725 1423 3797 gelrommen.
1472 3725 1510 3780 St.
1539 3725 1581 3778 bei

308 3811 490 3865 Schlettstadt.

919 3967 967 4035 75.

414 4089 592 4263 Provirppial
624 4086 763 4178 (Ulrich)
787 4089 912 4176 sordeat
940 4114 980 4176 <a
1010 4092 1092 4156 einer
1119 4091 1329 4267 Betprcchunp
1356 4094 1418 4180 uus
1445 4090 1581 4176 Soantag

308 4177 418 4258 Iudico
441 4176 521 4242 tetre
544 4199 559 4240 s
587 4175 759 4262 Verlegung
781 4176 832 4241 des
854 4177 1160 4266 Provinriolkapitels
1183 4181 1250 4267 oras.
1316 4177 1426 4268 1276.)

413 4289 559 4371 Nuntiis,
588 4289 641 4377 qui
672 4287 810 4356 tulerunt
833 4287 967 4372 litteras,
998 4288 1086 4392 quod
1109 4290 1224 4359 domus
1250 4344 1256 4359 .
1283 4345 1289 4358 .
1314 4289 1485 4380 capitulum
1509 4311 1581 4391 pro·

309 4376 439 4443 vinciale
474 4375 630 4444 celebrare
666 4400 732 4443 non
764 4387 888 4465 posset,
929 4377 1139 4465 provincialis.
1201 4379 1246 4446 Ex
1276 4379 1470 4447 diversarum
1500 4375 1581 4444 htte·

310 4487 414 4530 rarum
444 4467 542 4547 serie,
577 4488 653 4552 quas
684 4465 919 4547 transmisistis,
955 4466 1077 4554 accepi,
1111 4465 1198 4555 quod
1229 4467 1314 4534 salva
1340 4489 1417 4555 pace
1449 4464 1580 4532 fratrum

311 4563 438 4639 propter
462 4553 725 4619 commocionem
748 4563 923 4619 vestrarum
947 4553 1083 4640 partium
1107 4555 1238 4621 nimiam
1262 4554 1320 4621 hac
1339 4554 1408 4621 vice
1432 4551 1580 4620 celebrari

311 4661 378 4705 non
401 4642 500 4727 possit
523 4663 557 4706 ca
581 4639 693 4706 itulum
716 4641 750 4707 in
774 4640 923 4706 Wienna.
970 4640 1071 4729 Super
1094 4664 1158 4730 quo
1185 4665 1254 4708 non
1277 4639 1480 4709 mediocriter
1504 4661 1580 4705 con-

241 4763 244 4772 ·
311 4725 464 4810 turbatus,
496 4662 578 4816 quid
598 4739 742 4795 maneret
770 4727 946 4814 agendum,
980 4753 1019 4794 ex
1049 4727 1183 4795 consilio
1207 4731 1337 4817 proprio
1366 4752 1434 4795 non
1462 4727 1579 4793 inveni.

312 4813 506 4882 Dilationem
536 4815 630 4902 igitur
654 4815 847 4902 amplectens
871 4815 1008 4883 fructum
1039 4817 1218 4884 maturioris
1247 4815 1370 4883 consilii
1393 4815 1581 4902 promitten-

311 4913 377 4967 tem
400 4900 489 4969 vobis
513 4903 657 4988 iniungo,
681 4913 835 4991 quatenus
859 4903 892 4969 in
916 4902 989 4968 loco
1007 4955 1014 4968 .
1033 4955 1040 4969 .
1058 4925 1163 4970 meam
1188 4903 1380 4991 presentiam
1397 4899 1580 4989 expectetis,

1421 5022 1446 5065 *ft
