3822 5592
374 613 434 677 144
951 609 1044 662 liriet'e.
1512 611 1533 678 J.
1557 612 1632 680 1289.

369 763 406 830 ad
431 763 577 830 ordinem
602 765 763 830 invitastis.
807 762 948 830 Confido
973 767 1058 830 enim
1083 765 1113 830 in
1138 764 1271 830 domino
1297 778 1327 832 et
1351 767 1383 831 in
1406 767 1549 852 potentia
1572 768 1633 832 vir·

369 852 443 918 tutis
467 853 542 932 eius,
570 849 656 940 quod
679 863 765 918 tante
789 849 969 918 devotionis
993 851 1120 918 affectus
1145 851 1201 916 sibi
1225 852 1263 918 ad
1287 854 1448 933 meritum,
1480 852 1570 919 vobis
1593 853 1631 920 ad

369 938 503 1006 fructum
534 958 565 1004 et
594 939 745 1025 proximis
774 938 917 1025 proficiet
947 938 985 1004 ad
1015 938 1203 1026 exemplum.
1250 940 1383 1026 Propter
1413 938 1499 1028 quod
1532 941 1630 1028 ipsam

369 1026 527 1112 suscipite,
551 1028 630 1092 sicut
647 1025 791 1091 Christus
815 1025 952 1112 suscepit
967 1048 1035 1106 vos,
1060 1027 1091 1090 in
1116 1025 1274 1092 honorem
1293 1027 1353 1093 Dei
1370 1039 1498 1113 paterna
1519 1027 1633 1093 sollici-

368 1111 477 1178 tudine
500 1113 659 1200 requisite,
686 1124 839 1200 quatenus
862 1123 967 1178 sancta
991 1130 1093 1178 vestra
1117 1115 1316 1180 conversatio
1340 1115 1402 1180 suis
1427 1113 1479 1180 fiat
1504 1115 1630 1180 lucerna

368 1198 509 1286 pedibus,
534 1201 620 1265 cuius
643 1201 792 1265 imitatrix
815 1199 925 1266 effecta
948 1201 1086 1265 accensis
1107 1212 1216 1266 ornata
1240 1199 1433 1287 lampadibus
1457 1203 1523 1287 regi
1548 1225 1630 1266 sem-

368 1287 492 1372 piterno
509 1309 582 1352 cnm
606 1284 810 1372 prudentibus
827 1285 984 1352 offeratur.
1020 1287 1058 1352 Et
1074 1309 1114 1352 ne
1136 1288 1167 1351 in
1184 1299 1358 1371 posterum,
1384 1287 1514 1376 qualiter
1529 1291 1629 1355 teneri

368 1372 495 1453 debeat,
528 1374 708 1458 ignoretur,
741 1371 855 1439 ordino
884 1396 939 1460 per
967 1385 1142 1460 presenteS,
1178 1373 1264 1462 quod
1294 1374 1394 1456 bona,
1428 1399 1489 1463 que
1522 1399 1629 1442 secum

368 1460 504 1526 attulerit
527 1459 575 1526 vel
606 1483 623 1525 a
651 1459 816 1545 largitione
844 1482 974 1526 suorum
1006 1460 1130 1526 babebit
1159 1461 1320 1543 inantea,
1349 1485 1416 1527 non
1442 1463 1631 1549 dissipentur

368 1570 423 1633 per
439 1559 552 1634 partes,
576 1565 623 1612 set
641 1549 740 1632 magis
757 1548 877 1633 integra
895 1566 1132 1628 conserventur,
1157 1546 1260 1613 donec
1277 1549 1309 1612 in
1329 1561 1448 1614 tantam
1465 1549 1632 1615 videantur

368 1656 565 1699 succrescere
593 1656 766 1712 summam,
795 1645 828 1699 ut
856 1657 894 1698 ex
927 1635 1001 1720 ipsis
1030 1656 1088 1720 pro
1116 1646 1222 1700 vestro
1251 1636 1447 1701 monasterio
1475 1648 1631 1722 perpetuo

368 1720 513 1788 duratura
536 1721 660 1806 possint
683 1719 787 1806 predia
804 1722 988 1806 comparari.
1025 1721 1096 1786 Hoc
1112 1721 1209 1802 salvo,
1233 1721 1319 1808 quod
1337 1720 1376 1788 de
1400 1720 1492 1787 bonis
1509 1722 1628 1788 eisdem

368 1830 425 1894 pro
449 1808 513 1873 suis
537 1805 801 1894 oportunitatibus
824 1829 883 1873 vos
906 1809 1053 1893 priorissa
1076 1809 1233 1894 peculium
1257 1808 1383 1895 aliquod
1407 1812 1570 1896 separetis,
1596 1823 1630 1876 ut

367 1907 551 1980 promptum
575 1895 630 1974 sit,
658 1893 757 1974 nude,
786 1893 871 1993 quod
895 1894 953 1958 sibi
977 1893 1123 1976 deluerit,
1151 1895 1338 1982 suppleatur.
1386 1896 1435 1961 Ad
1460 1897 1521 1962 boc
1545 1895 1629 1961 infir·

367 1981 465 2046 marie
487 1991 591 2046 utatur
614 1981 721 2066 gratia,
744 1981 803 2044 nisr
827 1980 992 2067 aliquando
1018 1979 1221 2046 commedere
1238 1981 1372 2048 voluerit
1395 1985 1427 2047 in
1451 1985 1627 2048 communi.

366 2067 444 2133 Non
467 2065 618 2133 scribatur
640 2065 678 2132 ad
703 2064 859 2146 officium,
889 2064 1028 2132 dormire
1052 2065 1108 2132 sibi
1132 2066 1235 2133 licebit
1258 2069 1289 2132 in
1315 2068 1455 2150 culcitra,
1480 2071 1512 2136 in
1537 2071 1629 2135 cotti-

367 2152 467 2219 dianis
502 2175 567 2218 non
602 2153 814 2239 proclametur
848 2153 1003 2240 capitulis,
1036 2155 1173 2220 serviciis
1202 2176 1267 2218 non
1296 2168 1450 2240 gravetur.
1498 2156 1565 2222 Hec
1597 2169 1627 2221 et

366 2240 476 2307 similia
503 2242 647 2327 personis
674 2238 872 2318 sublimibus,
904 2242 1004 2306 immo
1037 2241 1110 2321 hiis,
1167 2243 1198 2306 ui
1227 2254 1382 2308 venerunt
1415 2266 1453 2308 ex
1487 2241 1627 2308 moribus

366 2327 612 2408 delicatioribus,
641 2326 756 2416 absque
780 2327 887 2414 regule
913 2326 1082 2414 prebeatur
1110 2264 1240 2394 odensi.
1287 2330 1428 2395 Demum
1451 2331 1522 2418 quia
1554 2352 1627 2416 erga

365 2415 525 2504 capellam,
550 2438 610 2506 que
631 2417 814 2503 intersepta
837 2435 938 2482 vestra
956 2417 1146 2498 continetur,
1169 2415 1336 2483 affectione
1354 2416 1476 2484 ducitur
1492 2417 1626 2505 speciali,

364 2503 535 2594 prohibeo,
571 2527 611 2570 ne
646 2501 685 2570 de
718 2505 783 2592 ipsa
815 2515 924 2570 contra
957 2505 1023 2570 eius
1055 2503 1285 2592 beneplacitum
1318 2504 1400 2572 alind
1433 2504 1626 2592 disponatur.

366 2595 518 2662 Ceterum
547 2593 618 2681 quia
647 2592 768 2679 singula
798 2591 892 2658 simul
920 2591 1044 2658 diffiniri
1076 2605 1251 2681 nequeunt,
1282 2617 1342 2682 que
1372 2593 1569 2681 spiritualiter
1597 2607 1629 2660 et

365 2681 568 2769 corporaliter
606 2683 702 2768 ipsius
739 2679 869 2747 domine
902 2734 907 2747 .
934 2735 940 2746 .
973 2680 1186 2768 probabuntur
1221 2681 1403 2750 commodis
1445 2683 1626 2759 convenire,

364 2771 529 2834 karissimo
553 2769 630 2834 milri
655 2770 686 2833 in
704 2768 832 2834 Christo
857 2770 951 2854 priori
977 2769 1158 2855 provinciali
1175 2768 1382 2836 Tbeutlronie
1404 2769 1477 2836 duxi
1501 2793 1628 2856 presen-

365 2855 446 2920 tibus
475 2853 757 2934 committendum‚
789 2867 942 2941 quatenns
970 2855 1101 2920 utilitate
1126 2867 1228 2920 vestra
1258 2869 1288 2920 et
1311 2855 1431 2921 ordinis
1463 2857 1626 2922 honestate

364 2942 501 3028 pensatis
510 2959 620 3040 'vestre
643 2941 711 3040 paci
730 2952 762 3040 et
785 2939 996 3040 tranquillitati
1021 2940 1163 3040 consulat
1180 2953 1210 3006 et
1234 2941 1407 3027 provideat,
1431 2954 1525 3028 prout
1544 2944 1626 3008 iuxta

365 3028 469 3094 datam
493 3027 550 3093 sibi
573 3038 704 3114 gratiam
728 3027 910 3094 iudicaverit
933 3027 1080 3114 expedire
1106 3081 1112 3092 .
1138 3081 1144 3093 .
1169 3028 1288 3094 Datum
1312 3040 1370 3094 etc.

370 3153 679 3162 *zm—..ma-

469 3201 525 3256 Fol.
547 3212 630 3271 172v.
667 3201 857 3254 Ansclreinend
875 3201 908 3255 ist
927 3202 968 3254 die
988 3201 1078 3254 Gritfin
1099 3220 1143 3254 urn
1166 3215 1234 3272 1294
1252 3203 1405 3272 gestorben.
1443 3202 1473 3254 ln
1492 3201 1626 3269 Remling,

364 3289 471 3342 Kloster
484 3290 503 3356 1,
525 3305 573 3356 152
587 3287 665 3342 beisst
684 3305 713 3342 es
732 3290 800 3342 nach
819 3289 1021 3342 archivalischer
1034 3289 1147 3350 Quelle:
1168 3289 1280 3342 »Ausser
1300 3289 1369 3356 dem,
1389 3307 1445 3343 was
1464 3291 1520 3342 ihm
1533 3289 1627 3358 Agnes

364 3394 416 3430 von
437 3374 601 3429 Orlami'rnde
620 3375 791 3442 hinterliess«,
811 3376 903 3429 erbielt
923 3376 968 3428 der
987 3377 1112 3429 llonvent
1135 3390 1225 3446 1294.
1246 3419 1252 3430 .
1273 3419 1278 3430 .

966 3583 1029 3650 127.

473 3704 717 3792 Ordensgeneral
746 3703 881 3794 (Manio)
913 3705 1173 3792 beglr'tckwr'inrclrt
1206 3704 1267 3793 (die
1300 3705 1410 3858 Gripin
1439 3707 1542 3792 Agnes
1568 3730 1626 3772 von

367 3791 573 3881 Orlarminde)
588 3815 692 3879 wegen
714 3793 794 3857 ihrer
809 3793 964 3857 Eintrittes
988 3796 1018 3858 in
1035 3793 1091 3857 den
1111 3791 1215 3859 Orden
1238 3794 1302 3859 und
1315 3795 1378 3858 trit
1403 3793 1451 3858 ihr
1466 3795 1530 3872 mit,
1555 3793 1627 3943 drpr

363 3903 395 3945 er
427 3878 607 3965 ihretwegen
637 3879 684 3944 die
719 3878 843 3964 Strenge
875 3879 928 3943 der
962 3876 1317 3966 Ordenrbcrtr'mmungen
1349 3879 1510 3964 gernildert
1539 3879 1578 3943 ha
1600 3902 1624 3943 u.

364 3963 490 4054 (1289)

467 4069 538 4136 Tali
555 4069 686 4136 domine
710 4071 858 4155 magister
874 4069 993 4136 ordinis
1016 4093 1109 4156 super
1132 4072 1314 4157 receptione
1330 4093 1384 4134 sna
1407 4067 1445 4135 ad
1466 4067 1624 4145 ordinem,

363 4156 403 4222 ibi
427 4179 483 4222 cor
506 4156 656 4244 defigere,
679 4157 730 4223 ubi
754 4169 826 4223 sunt
849 4155 961 4242 gaudia
985 4159 1052 4222 sine
1069 4155 1142 4224 fine.
1181 4157 1310 4224 Auditui
1335 4179 1409 4222 meo
1434 4154 1520 4222 dedit
1536 4157 1624 4222 Deus

361 4243 510 4331 gaudium
536 4258 565 4311 et
589 4244 837 4325 leticiam,·nam
861 4245 897 4325 is,
921 4246 974 4332 qui
997 4256 1087 4325 vota,
1115 4268 1176 4331 que
1199 4245 1356 4331 prevenit,
1385 4241 1569 4329 inspirando
1594 4255 1625 4308 et

362 4330 539 4400 adiuvando
555 4334 765 4420 prosequitur,
789 4331 879 4397 vobis
896 4332 976 4398 banc
992 4330 1106 4397 infudit
1130 4334 1252 4398 interne
1268 4331 1344 4396 lucis
1362 4329 1624 4407 lrabundanciam,

362 4441 395 4488 nt
419 4421 530 4508 spretis
554 4420 664 4486 mundi
683 4419 808 4485 fallaciis
832 4420 997 4486 karismata
1017 4419 1200 4486 emulemini
1224 4418 1355 4484 meliora
1379 4430 1410 4484 et
1426 4415 1490 4484 lide
1513 4417 1623 4504 grandi

361 4508 417 4574 snb
442 4508 602 4595 disciplina
624 4507 757 4594 regulari
782 4509 881 4592 magis
905 4507 1024 4594 eligatis
1041 4531 1114 4572 cum
1138 4506 1256 4593 populo
1273 4506 1333 4571 Dei
1358 4507 1503 4590 castigari
1549 4528 1621 4570 uam

361 4595 553 4662 iocunditate
582 4594 805 4682 temporalium
835 4595 998 4682 inquinari.
1050 4593 1197 4660 Profecto
1227 4615 1289 4679 ego
1319 4595 1430 4659 vestris
1462 4529 1624 4659 desideriis

361 4683 476 4748 sanctis
493 4695 681 4768 cooperator
698 4683 845 4761 existens,
869 4681 970 4748 obviis
986 4681 1082 4747 letitie
1106 4680 1249 4745 manibus
1266 4679 1355 4746 vobis
1380 4680 1502 4745 iusticie
1518 4677 1623 4766 pando

361 4781 483 4869 portas,
507 4792 582 4856 quas
606 4793 678 4836 cum
702 4771 842 4856 ingressa
865 4767 998 4850 fixeritis,
1030 4790 1097 4834 non
1120 4767 1300 4834 artabnntur
1323 4790 1449 4854 gressus
1474 4768 1570 4832 vestri
1594 4778 1624 4832 et

362 4879 394 4920 rn
418 4855 518 4921 odore
546 4868 761 4942 ungentorum
791 4857 900 4942 sponsi
929 4853 1086 4922 currendo
1115 4853 1340 4920 offendiculum
1366 4877 1432 4920 non
1461 4852 1624 4932 habebitis,
