3828 5590
310 621 331 692 J.
355 621 533 691 ray-«1270.
894 621 990 676 Bries.
1535 610 1575 693 67

311 802 366 844 sue
390 779 477 865 virge
501 781 694 861 misterium,
719 803 797 865 vaga
819 778 985 861 reducere,
1010 779 1094 846 lenta
1116 803 1274 868 pungere,
1299 778 1432 847 invalida
1455 799 1578 848 susten·

311 885 386 931 tare.
425 865 512 932 Susci
536 866 577 932 iat
601 865 685 932 hunc
707 864 875 933 letabunda
891 878 923 932 et
946 865 1075 933 laudans
1099 867 1218 934 utinam
1243 889 1398 954 sponsum
1421 891 1514 934 suum
1539 891 1578 934 ex

312 952 374 1018 hoc
407 951 476 1039 ipso
504 889 576 1019 dclix
604 951 748 1033 ecclesia,
781 963 903 1020 vestem
934 952 1036 1020 luctus
1069 963 1177 1034 exuat,
1208 952 1388 1041 squalorem
1419 953 1577 1021 viduitatis

313 1037 433 1118 abiciat,
457 1037 576 1104 vultum
601 1051 792 1126 componat,
816 1040 849 1105 in
874 1061 923 1104 am
949 1038 1036 1105 lexus
1060 1057 1221 1120 occurrat,
1249 1061 1372 1105 nomen
1396 1041 1460 1126 ejus
1484 1063 1520 1106 su
1545 1063 1598 1106 er¹

312 1147 346 1190 se
370 1125 511 1206 invocet,
540 1126 591 1214 qui
621 1137 707 1192 curat
735 1127 801 1212 ejus
826 1061 1034 1213 opprobrium
1059 1124 1195 1192 abolere.
1242 1126 1312 1192 Nec
1334 1125 1373 1192 de
1397 1127 1467 1213 ipso
1497 1063 1578 1193 ulira

313 1210 447 1292 dubitet,
477 1213 563 1301 quia,
594 1229 624 1278 et
647 1213 673 1278 si
696 1210 754 1278 alia
777 1235 844 1278 non
875 1224 1079 1300 suppeterent
1108 1213 1234 1294 merita,
1264 1213 1338 1280 satis
1361 1224 1460 1295 esset,
1491 1212 1578 1302 quod

314 1299 456 1367 Romana
480 1298 618 1381 ecclesia,
643 1323 703 1388 que
728 1319 838 1366 autore
855 1300 928 1367 Deo
953 1301 1100 1367 omnium
1124 1300 1327 1368 ecclesiarum
1352 1311 1400 1368 est
1423 1299 1524 1389 capud
1547 1313 1579 1368 et

313 1386 469 1474 magistra,
493 1388 594 1474 ipsum
613 1386 717 1475 elegit,
741 1388 845 1475 ipsum
870 1387 942 1454 huic
966 1386 1095 1456 adduxit
1119 1387 1242 1469 honeri,
1266 1386 1427 1476 deputavit
1450 1388 1577 1470 honori,

313 1497 374 1562 que
389 1474 480 1542 solita
497 1475 781 1562 circumspectione
798 1485 830 1542 et
848 1474 1019 1543 cottidiana
1040 1473 1251 1542 sollicitudine
1272 1475 1438 1562 providere
1455 1477 1577 1563 satagit,

313 1584 354 1626 ne
376 1563 478 1628 tocius
502 1561 616 1629 familie
635 1561 758 1630 domini
781 1573 879 1630 status
901 1573 991 1630 nutet
1007 1562 1056 1651 (i)
1074 1574 1105 1631 et
1121 1561 1214 1644 ordo,
1238 1563 1347 1628 sinon
1371 1564 1530 1631 invenitur
1545 1565 1578 1630 in

313 1671 347 1715 ca
370 1650 423 1731 ite,
468 1648 532 1716 uod
556 1667 638 1716 esset
661 1651 694 1716 in
717 1650 818 1737 capite
842 1649 1076 1752 requirendum.
1115 1651 1215 1717 Instar
1261 1673 1377 1738 uoque,
1401 1661 1435 1718 ut
1453 1651 1495 1718 ait
1518 1649 1578 1733 lex,

313 1672 477 1826 habet(uib
490 1737 643 1823 sacrilegii
654 1736 701 1803 dis
725 1747 823 1820 utare,
839 1761 879 1803 an
895 1761 920 1804 ts
931 1735 1045 1840 dignus
1058 1739 1108 1820 sit,
1124 1761 1219 1826 quem
1233 1673 1280 1804 de
1304 1738 1328 1804 it
1343 1749 1502 1824 operator,
1519 1761 1579 1806 nec

314 1821 352 1890 de
365 1825 429 1926 ejus
441 1825 647 1911 provectione
658 1759 791 1891 dubitari
803 1823 907 1907 debet,
924 1848 973 1891 cur
1007 1847 1044 1890 ro
1057 1823 1215 1891 laboribus
1232 1761 1349 1906 multis,
1365 1847 1424 1912 pro
1437 1824 1579 1892 moribus

314 1921 413 1991 castis,
436 1933 495 1998 pro
517 1909 634 1978 actibus
654 1912 812 1978 strennuis
836 1911 967 1979 debetur
982 1847 1044 1978 litei
1060 1913 1218 2000 premium
1235 1911 1385 1978 celsioris.
1422 1913 1469 2000 Ey
1484 1935 1579 2001 quam

313 1998 505 2084 inpacienter
520 1997 648 2065 ferenda
665 2009 712 2066 est
723 2000 802 2066 tanti
817 2000 876 2065 viri
891 1999 1040 2080 absentia,
1064 2021 1159 2088 quam
1176 1997 1389 2066 desideranter
1406 1998 1582 2086 expetenda

313 2086 484 2171 presencia,
508 2087 560 2174 qui
576 2097 677 2152 totam
701 2087 897 2173 provinciam
921 2109 977 2152 sue
993 2085 1142 2152 bonitatis
1166 2085 1235 2152 luce
1258 2109 1409 2152 serenans
1424 2087 1457 2152 in
1473 2087 1578 2174 primo

314 2196 446 2238 occursu
468 2195 527 2240 suo
544 2171 645 2240 dulcia
668 2172 807 2261 proferet
830 2171 972 2240 antidota
986 2171 1192 2260 gaudiorum!
1218 2175 1339 2240 Atmon
1356 2171 1580 2240 desiderandus

314 2261 382 2342 erit,
405 2261 438 2326 in
461 2283 526 2349 quo
549 2261 702 2348 reperitur
726 2262 890 2349 perspicue
912 2262 1043 2328 rationis
1066 2259 1275 2349 signaculum,
1299 2284 1360 2350 que
1381 2259 1580 2328 discretionis

314 2347 488 2416 ventilabro
511 2349 545 2414 in
567 2372 638 2416 area
661 2347 849 2436 judiciorum
872 2348 1011 2416 falsitatis
1034 2349 1139 2416 inania
1154 2350 1244 2416 novit
1267 2371 1433 2416 secernere
1456 2349 1578 2416 aseriis

315 2437 470 2504 veritatis?
515 2437 551 2503 Ei
574 2436 767 2504 memorialis
790 2436 956 2505 famulatur
979 2437 1142 2526 potencia,
1173 2459 1271 2526 penes
1295 2460 1390 2526 quam
1413 2436 1578 2525 ingenialis

317 2525 428 2606 virtus,
460 2526 602 2592 venatrix
625 2523 784 2592 subtilium
808 2524 1015 2613 providorum
1044 2525 1251 2592 consiliorum
1275 2525 1480 2592 aromaticam
1505 2548 1581 2592 con-

317 2613 416 2679 stituit
438 2612 634 2700 apothecam.
681 2611 811 2681 Relucet
842 2615 873 2680 in
905 2637 944 2680 eo
969 2636 1097 2680 morum
1125 2611 1228 2679 forma
1259 2611 1450 2700 spectabilis,
1481 2614 1581 2680 sancti

318 2699 446 2786 pudoris
470 2698 614 2767 nobilitas
639 2719 670 2767 et
693 2723 806 2767 norma
828 2699 983 2788 pudicicie
1006 2699 1166 2788 regularis.
1202 2701 1317 2767 Divina
1340 2701 1468 2852 instpper
1483 2701 1581 2786 gratia

318 2785 506 2853 detestabilis
529 2789 660 2854 avaricie
684 2812 701 2853 a
724 2811 758 2854 se
781 2787 981 2874 proscribens
1005 2788 1236 2854 commercium
1269 2786 1373 2853 eidem
1419 2787 1581 2853 iviciarum

317 2896 442 2939 suarum
467 2897 534 2938 non
558 2874 666 2940 clausit
690 2875 835 2956 erarium,
859 2885 908 2941 set
931 2873 989 2940 sibi
1006 2875 1156 2961 copiosos
1179 2873 1302 2940 virtutis
1324 2872 1490 2939 thesauros
1507 2871 1582 2939 elar-

316 2961 406 3046 giens
428 2961 705 3027 conversationem
722 2962 787 3047 ejus
810 2959 913 3028 reddit
936 2959 1102 3027 amabilem
1119 2971 1151 3027 et
1174 2961 1206 3026 in
1223 2970 1396 3047 conspectu
1413 2958 1583 3026 hominum

339 3047 497 3114 ratiosanr.
543 3043 604 3113 Hic
627 3049 778 3114 nimirum
807 3059 872 3115 tant
897 3067 1006 3114 nature
1037 3070 1131 3149 quarn
1155 3048 1259 3134 gracie
1287 3048 1427 3114 iacinctis
1451 3047 1583 3114 circum-

317 3070 405 3200 llntus
429 3133 585 3201 nobilium
608 3158 737 3201 morum
761 3134 902 3223 seluptor
925 3134 980 3202 fiet
1003 3133 1190 3202 artificiosus
1215 3145 1246 3201 et
1262 3133 1397 3200 colonus
1421 3135 1583 3201 nrencium

316 3221 504 3288 fructuosus
550 3221 607 3288 Elo
631 3223 743 3289 ueucie
766 3246 822 3289 sue
846 3223 988 3310 graciosa
1012 3220 1156 3288 facundia
1184 3221 1338 3289 honestos
1362 3245 1470 3288 mores
1495 3276 1502 3288 .
1529 3275 1535 3288 .
1562 3228 1585 3288 ,ἵ

317 3311 349 3374 in
361 3308 485 3396 populis
502 3245 678 3376 racionilrus
695 3321 727 3376 et
742 3309 884 3377 affatibus
896 3311 1055 3376 virtuosis.
1073 3308 1124 3376 Ad
1135 3309 1193 3376 bec
1207 3307 1435 3376 conscribenda
1451 3307 1584 3376 fideliter

318 3414 350 3461 et
371 3396 510 3462 veridico
533 3396 605 3463 stilo
623 3395 776 3464 exaranda
800 3399 876 3464 novi
899 3399 994 3484 patris
1011 3395 1210 3464 considerata
1232 3395 1382 3463 bonitatis
1399 3396 1584 3464 excellentia

318 3506 370 3550 me
394 3482 525 3565 induxit,
548 3495 583 3550 ut
601 3495 703 3551 vestre
728 3483 952 3551 declaracionis
976 3537 1035 3550 ...
1059 3483 1186 3551 lucerna
1203 3483 1351 3551 bonitatis
1373 3536 1380 3549 .
1399 3537 1405 3550 .
1425 3536 1432 3551 .
1450 3483 1586 3551 deducta

319 3571 350 3636 in
375 3569 533 3658 publicum
563 3570 698 3658 pulcrius
722 3571 877 3639 elucescat
906 3583 937 3640 et
960 3595 1019 3639 vos
1042 3570 1081 3638 ad
1106 3570 1298 3639 exsolvenda
1321 3572 1394 3637 Deo
1423 3569 1586 3638 bonorum

318 3657 458 3746 largitori
480 3659 655 3746 graciarum
680 3658 783 3727 debita
805 3671 894 3727 tanto
919 3659 1071 3728 devocius
1095 3660 1304 3747 consurgatis,
1333 3670 1451 3747 quanto
1476 3657 1588 3726 domui

318 3757 421 3813 vestre
445 3770 511 3813 non
539 3765 604 3813 tarn
628 3745 667 3814 de
691 3746 826 3814 domino
850 3770 944 3836 quam
970 3746 1009 3814 de
1037 3758 1125 3836 patre
1148 3746 1312 3836 specialius
1342 3757 1390 3814 est
1412 3748 1587 3835 provisum.

1271 3833 1521 3925 Her(mannus).

425 4017 433 4047 ¹
452 4009 503 4063 HS.
578 4010 682 4063 ²1²e111t
702 4011 744 4064 ein
764 4012 856 4077 Wort;
876 4011 1023 4064 monetabit
1043 4011 1107 4076 HS,
1127 4009 1162 4063 ob
1181 4010 1355 4063 monstrabit?

425 4199 479 4252 1³01.
501 4211 568 4268 30¹1.
602 4200 699 4253 Sclrrist
718 4200 848 4254 teiln-eise
868 4200 1000 4253 verblasst.
1022 4200 1089 4254 Otto
1109 4199 1200 4252 wurde
1220 4217 1263 4252 am
1285 4200 1325 4252 18.
1344 4198 1450 4269 August
1472 4198 1537 4267 1267
1557 4216 1590 4251 an

321 4285 401 4338 Stelle
425 4285 471 4339 des
496 4286 666 4356 gewtihlten,
693 4287 755 4340 aber
778 4286 826 4340 auf
846 4288 903 4340 sein
927 4287 992 4340 Amt
1016 4284 1222 4339 verziclrtenden
1246 4285 1372 4356 Propstes
1397 4284 1514 4356 Volquin
1537 4302 1591 4338 von

322 4371 529 4442 Sclrwalenberg
555 4390 615 4425 zum
635 4373 747 4427 Bisclros
767 4391 821 4427 von
840 4373 949 4426 Minden
973 4391 1026 4426 von
1051 4373 1132 4444 Papst
1151 4371 1280 4424 Klemens
1300 4372 1345 4425 lV.
1372 4379 1491 4425 ernannt.
1529 4371 1591 4442 Vgl.

322 4457 443 4512 Westla'tl.
463 4459 518 4512 UB.
539 4459 570 4525 V,
590 4457 650 4529 673.
688 4459 824 4512 Hermann
843 4459 903 4512 lasst
922 4458 975 4511 den
994 4458 1087 4512 Grund
1106 4457 1306 4523 durclrblicken,
1325 4475 1428 4510 warum
1447 4457 1494 4511 der
1512 4457 1593 4528 Papst

323 4544 364 4598 die
383 4544 462 4598 Walrl
480 4545 619 4617 Volquins,
639 4545 686 4600 der
705 4546 830 4618 ubrigens
852 4559 919 4616 1274
939 4545 1020 4600 Ottos
1039 4543 1206 4617 Naclrsolger
1224 4543 1326 4612 wurde,
1345 4543 1419 4598 nicht
1437 4544 1592 4616 bestttigte.

324 4621 395 4686 'Uber
409 4623 488 4687 Ottbs
502 4633 630 4688 Herkunlt
649 4633 702 4706 vgl.
717 4633 995 4705 Zusammenstellung
1013 4633 1061 4687 der
1073 4633 1255 4687 Naclrriclrten
1274 4633 1316 4686 bei
1331 4632 1454 4699 Schaten,
1474 4631 1592 4686 Annales

325 4720 554 4775 Patderbornenses
575 4721 607 4774 ad
627 4740 724 4775 annum
747 4723 822 4791 1265.
860 4723 899 4776 Im
919 4723 1030 4792 trbrigen
1050 4721 1104 4793 vgl.
1123 4721 1284 4792 Einleitung.

1463 4892 1488 4937 bt
