3822 5592
308 601 332 672 J.
355 602 429 655 1288.
893 598 988 654 Briele.
1515 604 1574 668 119

311 758 445 825 dicionis
476 757 641 839 homines,
673 780 740 823 non
771 758 923 845 recipiant
954 780 1013 823 nec
1044 755 1161 823 ibidem
1185 756 1391 823 commedere
1423 776 1475 824 aut
1507 780 1576 858 per·

311 855 441 910 noctare
457 845 607 911 sinantur.
647 845 721 923 Que
739 855 786 910 est
808 844 866 910 ista
883 843 1060 924 demencia,
1084 862 1128 925 ut,
1152 866 1225 909 curn
1248 844 1281 908 in
1297 843 1576 911 constitutionibus

310 929 502 1017 prohibitum
526 932 566 997 sit
588 928 645 996 sub
668 953 749 1018 pena
772 929 991 1011 anathematis,
1014 953 1056 996 ne
1078 952 1207 996 sorores
1230 930 1291 996 nisi
1314 931 1347 996 in
1371 931 1464 996 certis
1488 953 1576 1018 egre-

310 1017 433 1084 diantur
456 1015 618 1084 casibusi⁸
663 1017 796 1098 Quanto
820 1019 945 1104 gravius
970 1029 1032 1098 est,
1062 1018 1088 1083 si
1120 1015 1275 1084 seculares
1297 1017 1392 1084 sacris
1415 1016 1575 1084 vestibulis

310 1107 494 1172 inserantur.
541 1103 615 1170 Vidi
635 1117 666 1172 et
689 1102 834 1171 manibus
857 1104 1057 1258 a(t?trectavi
1079 1103 1278 1192 privilegium
1295 1104 1458 1171 cardinalis
1481 1105 1509 1172 le
1534 1106 1575 1172 ati

309 1217 326 1259 n
349 1191 444 1260 latere
467 1215 546 1281 pape
570 1193 667 1274 missi,
692 1193 804 1281 inquo
829 1191 886 1259 sibi
915 1194 960 1260 uit
977 1215 1166 1259 concessum
1190 1215 1248 1279 pro
1266 1215 1409 1275 munere,
1433 1216 1497 1282 quo
1541 1194 1573 1259 in

308 1305 374 1348 uno
402 1304 503 1348 reno
532 1303 627 1348 unam
651 1292 759 1368 posset
788 1279 953 1348 licenciare
984 1299 1165 1348 matronam
1188 1279 1227 1346 ad
1258 1281 1423 1348 introitum
1451 1280 1574 1348 claustri

308 1305 502 1459 quarumlam
518 1368 716 1450 monialium,
739 1367 827 1457 quod
843 1369 934 1436 unica
950 1367 1000 1435 illa
1016 1369 1095 1450 vice,
1120 1392 1192 1434 cum
1209 1369 1348 1451 intraret,
1373 1368 1490 1436 ibidem
1507 1393 1574 1436 non

309 1456 526 1526 commederet
556 1479 615 1523 nec
646 1455 810 1523 dormiret.
862 1456 942 1523 Eant
969 1480 1054 1523 nunc
1083 1457 1215 1543 priores,
1251 1480 1335 1524 nunc
1365 1458 1513 1544 priorisse
1544 1477 1575 1524 et

309 1569 498 1612 concessum
521 1543 578 1610 sibi
601 1555 723 1631 putent,
748 1556 779 1611 et
802 1543 996 1631 indulgeant,
1020 1542 1107 1633 quod
1130 1545 1188 1633 ipsi
1204 1543 1311 1632 legato
1335 1545 1451 1632 papalis
1466 1556 1574 1611 aucto-

307 1635 380 1699 ritas
410 1657 477 1698 non
505 1633 679 1698 concessit!
733 1630 886 1698 Ceterum
916 1633 942 1698 si
970 1633 1117 1720 priorissa
1146 1630 1246 1720 aliqua
1274 1632 1346 1698 huic
1376 1631 1574 1699 ordinacioni

308 1721 462 1787 contraire
508 1720 726 1807 resumpserit,
753 1717 790 1786 ab
814 1718 1142 1807 am(m)inistracione
1165 1721 1356 1786 removeatis
1385 1718 1518 1786 eandem
1544 1731 1574 1786 et

306 1808 396 1874 aliam
413 1809 441 1874 ei
480 1743 617 1874 tloneam
634 1805 729 1874 subto
755 1807 822 1874 etis.
862 1807 1091 1895 Suppriorissas
1107 1829 1185 1873 vero
1203 1817 1234 1874 et
1256 1807 1406 1894 portarias
1430 1831 1489 1873 nec
1506 1830 1573 1873 non

307 1895 379 1963 alias
403 1897 435 1961 in
457 1832 521 1961 luc
545 1917 627 1976 reas,
659 1829 752 1983 quoi
769 1917 906 1982 persone
930 1894 1084 1961 seculares
1107 1892 1146 1960 ad
1176 1917 1267 1960 sanas
1290 1892 1341 1960 vel
1363 1893 1505 1961 infirmas
1527 1895 1574 1961 in-

307 1983 498 2068 grediantur,
521 1984 633 2048 acriter
649 1983 784 2070 puniatis
801 1993 832 2048 et
847 2005 962 2048 vocem
979 1983 1011 2048 in
1028 1981 1163 2069 capitulo
1180 1982 1347 2064 aufferatis‚
1367 1981 1471 2048 donec
1487 1984 1574 2049 satis-

306 2066 428 2152 faciant,
452 2083 485 2136 ut
509 2082 556 2136 est
580 2069 722 2154 dignum.
769 2069 891 2136 Valete.

306 2199 420 2282 ’-Μ’
440 2199 553 2298 dedices.
567 2245 618 2298 HS.
692 2244 893 2314 ²opproprium
913 2243 964 2296 HS.
1038 2243 1103 2297 ⁸80
1122 2243 1174 2296 HS.

412 2403 468 2458 Fol.
491 2419 547 2472 150.
584 2403 635 2456 Die
654 2403 760 2455 Namen
780 2401 825 2455 der
845 2401 939 2455 beiden
953 2402 1061 2455 Prioren
1081 2401 1176 2455 stehen
1196 2419 1240 2454 am
1259 2401 1357 2455 Raude.
1387 2402 1493 2456 Vorher
1507 2403 1573 2474 geht

307 2494 350 2546 ein
362 2492 507 2546 Schreiben
519 2492 567 2545 des
579 2490 740 2544 Provinzials
753 2508 785 2543 an
800 2490 877 2543 einen
891 2489 1057 2556 Konversen,
1076 2490 1122 2543 der
1137 2489 1177 2543 stu
1190 2489 1383 2561 Beobachtung
1400 2491 1447 2544 der
1460 2489 1574 2544 Klausur

308 2581 344 2632 im
363 2579 564 2633 Prauenlrloster
578 2578 729 2632 Hochheim
749 2594 848 2647 surgen
867 2576 927 2630 soll.
956 2577 991 2629 Es
1011 2576 1103 2647 lolgen
1122 2578 1189 2630 zwei
1202 2577 1355 2644 Schreiben,
1374 2579 1400 2631 in
1420 2578 1507 2631 denen
1522 2577 1573 2630 den

310 2668 539 2721 llewolrnerinnen
568 2667 641 2719 eines
676 2673 865 2735 ungenannten
893 2663 1108 2718 Frauenklosters
1138 2664 1184 2718 das
1209 2664 1352 2718 Verlasseu
1382 2664 1429 2718 des
1453 2665 1574 2718 Klosters

309 2764 444 2826 nutersagt
470 2755 543 2809 wird.
587 2755 638 2808 Die
663 2752 951 2807 Zuwiderlrandelndeu
975 2752 1060 2806 sollen
1085 2754 1155 2806 iuxta
1180 2753 1340 2806 sententiam
1363 2748 1483 2824 magistri
1506 2769 1575 2824 pena

308 2844 435 2910 gravioris
459 2842 535 2912 culpe
560 2860 620 2894 cunr
643 2849 857 2910 temperamento
882 2840 1061 2892 misericordie
1086 2840 1196 2893 bestralt
1215 2839 1331 2893 werden.
1369 2840 1425 2894 Fol.
1447 2855 1496 2908 152
1516 2857 1573 2893 ver-

308 2930 388 2982 bietet
406 2929 453 2981 der
464 2928 683 2998 Provinzialprior
702 2928 794 2980 seinen
806 2926 999 2979 Amtsbrfidern
1018 2926 1070 2979 den
1089 2925 1252 2996 grundlosen
1265 2927 1369 2980 Besuelr
1389 2926 1435 2979 des
1450 2926 1572 2980 Klosters

306 3017 434 3088 Neuburg
446 3016 653 3085 (Nuwenburg),
672 3033 706 3068 an
725 3014 786 3068 dem
805 3013 887 3067 Laien
899 3013 1010 3068 Austoss
1030 3014 1155 3068 nahmen.
1188 3015 1223 3067 Es
1242 3020 1359 3086 geonge,
1378 3013 1434 3067 dass
1454 3032 1507 3068 von
1520 3015 1574 3068 Zeit

306 3123 336 3157 zu
350 3105 404 3158 Zeit
423 3103 482 3158 dort
496 3103 664 3157 Beiclrtvater
683 3120 729 3156 aus
748 3103 809 3156 dem
824 3103 964 3156 Wormser
977 3101 1084 3156 Kloster
1104 3103 1261 3156 erschienen
1281 3102 1333 3156 und
1353 3121 1424 3156 zwar
1442 3121 1491 3157 nur
1510 3104 1574 3169 vier,

305 3193 346 3245 die
365 3210 414 3246 nur
433 3193 492 3245 eine
508 3191 594 3244 Nacht
614 3190 753 3243 dableiben
773 3190 885 3244 dfirlten.
922 3191 974 3243 Die
994 3191 1162 3244 Beichtvatter
1180 3191 1266 3245 sollen
1285 3191 1363 3263 jeden
1383 3192 1499 3260 Besuch,
1526 3193 1574 3245 mit

305 3281 461 3334 llusnalnne
480 3279 526 3333 des
546 3279 592 3333 der
611 3280 720 3332 Prioren
743 3280 873 3332 notieren.
912 3268 983 3332 Uber
1002 3279 1154 3332 Hochheim
1175 3279 1228 3350 vgl.
1248 3279 1347 3333 Archiv
1372 3279 1413 3334 sirr
1431 3281 1574 3334 Hessische

305 3369 466 3422 Geschichte
486 3369 518 3422 ll.
556 3369 611 3422 Der
631 3367 715 3436 Legat
735 3367 767 3419 ist
787 3365 1022 3420 Kardinalbischof
1036 3367 1174 3437 Johannes
1194 3385 1248 3421 vou
1268 3367 1423 3420 Tusculum.

914 3524 964 3592 tt.

410 3645 603 3734 (Provinaial
631 3646 807 3736 Hermann)
836 3647 1011 3734 beatcstrugt
1044 3647 1100 3712 den
1126 3646 1272 3734 Subprior
1299 3647 1363 3712 und
1385 3647 1494 3713 Lektor
1523 3647 1574 3712 des

304 3734 502 3822 Augsburger
518 3733 864 3801 Dominikanerklosters
881 3737 965 3801 einen.
979 3736 1132 3823 gestingen
1154 3734 1334 3822 geboltenen
1350 3735 1471 3801 Bruder
1486 3747 1574 3801 unter

305 3823 455 3888 Kantelen
481 3822 674 3910 losrnlassen.
721 3819 848 3913 (1288.)

410 3929 573 4016 Suppriori
598 3940 629 3995 et
652 3929 763 3995 lectori
779 3928 1056 4014 Augustensibus.
1083 3982 1089 3995 .
1116 3983 1122 3995 .
1149 3931 1342 3996 Discretioni
1359 3941 1462 3996 vestre
1486 3952 1574 3994 com·

303 4016 396 4081 mitto
412 4015 609 4102 presentibus
626 4027 657 4082 et
673 4017 810 4104 requir0,
833 4018 977 4104 quatinus
994 4015 1141 4084 discussis
1164 4029 1255 4099 statu,
1280 4018 1438 4104 presentia
1454 4027 1485 4082 et
1500 4038 1573 4103 pro-

303 4103 409 4188 posito
441 4103 542 4169 fratris
566 4100 687 4169 detenti
715 4107 746 4169 in
772 4127 911 4183 carcere,
941 4105 993 4190 qui
1017 4106 1082 4169 veri
1105 4106 1196 4192 signa
1219 4104 1338 4171 doloris
1362 4103 1516 4184 ostendit,
1539 4115 1573 4169 ut

303 4189 424 4270 dicitur,
448 4213 506 4278 pro
531 4191 726 4270 commissis,
751 4192 831 4256 circa
856 4192 957 4277 ipsum
983 4189 1154 4272 ordinetis,
1179 4190 1266 4280 quod
1289 4192 1442 4258 voluntati
1467 4190 1573 4256 divine

304 4289 335 4343 et
371 4276 490 4344 ordinis
522 4277 679 4344 honestati
712 4277 921 4344 iudicaveritis
951 4279 1132 4344 convenire.
1186 4279 1253 4358 Qui
1285 4279 1310 4344 si
1344 4277 1380 4344 ab
1415 4276 1573 4365 ergastulo

304 4363 456 4431 videbitur
493 4363 691 4447 liberandus,
730 4389 796 4432 non
836 4363 889 4431 fiat
927 4366 986 4431 nisi
1023 4364 1192 4432 sufficienti
1227 4367 1373 4432 cautione
1410 4366 1573 4452 premissa,

304 4451 387 4539 quod
411 4453 443 4516 in
467 4453 664 4540 propinquos
688 4477 763 4518 suos
787 4453 836 4519 vel
861 4451 1007 4518 ordinem
1031 4453 1175 4519 scandala
1200 4452 1238 4518 de
1262 4465 1369 4520 cetero
1393 4476 1460 4518 non
1485 4475 1573 4518 com-

305 4539 414 4605 mittat.
453 4539 546 4604 Valet
569 4551 674 4606 autem
699 4538 737 4605 ad
762 4539 824 4605 hoc
841 4541 981 4626 episcopi
1005 4557 1036 4605 et
1060 4540 1194 4607 aliorum
1218 4541 1449 4606 testimonium.
1488 4539 1571 4605 Nam

305 4638 438 4707 constat,
456 4627 531 4693 lieu!
548 4626 708 4713 publicum
725 4627 793 4693 lore
810 4626 936 4694 sactum.
962 4627 993 4693 Si
1009 4627 1103 4694 vultis
1120 4640 1295 4714 expectare,
1313 4626 1417 4693 donec
1432 4628 1572 4713 priorem

304 4711 451 4796 habeatis,
474 4733 508 4780 ut
531 4713 570 4780 de
594 4715 690 4801 ipsius
715 4713 892 4802 procedatis
917 4714 1063 4797 consilio,
1087 4714 1188 4802 placet
1212 4713 1299 4779 mihi.

409 4889 566 4957 1²01.151v.
