3822 5592
352 660 411 727 134
934 657 1027 713 Brief.
1485 659 1506 728 J.
1530 659 1603 728 1289.

346 835 472 878 sorores
496 812 535 880 de
551 813 725 880 Stainlreim
749 814 787 881 de
812 815 945 882 claustro
969 815 1092 882 tociens
1117 826 1189 880 sunt
1212 836 1349 966 egresse,
1372 813 1474 880 adbuc
1497 834 1602 880 tamen

347 900 377 963 in
394 900 482 985 peius
505 899 674 986 proficiunt
690 901 845 986 preteritis
862 901 1039 967 excessibus
1055 923 1138 967 nova
1154 923 1226 966 scan
1252 899 1296 966 ala
1312 901 1478 967 sociantes.
1510 901 1604 980 Nam,

346 996 380 1051 ut
403 985 529 1065 dicitur,
556 985 770 1054 indifferenter
800 1009 973 1055 conversos
1003 985 1137 1052 famulos
1165 999 1197 1053 et
1223 986 1377 1054 seculares
1402 985 1546 1052 dominas
1575 999 1606 1053 et

347 1073 441 1138 etiam
464 1073 618 1140 moniales
642 1075 673 1139 in
705 1073 872 1141 claustrum
903 1072 1108 1140 introducunt
1135 1096 1201 1139 non
1233 1071 1271 1139 ad
1296 1071 1528 1140 edificationem
1559 1092 1606 1140 set

346 1157 384 1224 ad
401 1157 651 1226 destructionem
672 1159 875 1228 observancie
898 1160 1059 1248 regularis,
1082 1183 1148 1226 non
1166 1159 1204 1226 ad
1228 1159 1405 1247 profectum
1427 1161 1607 1226 communis

346 1267 366 1309 0
391 1245 466 1326 eris,
490 1257 537 1311 set
561 1247 592 1311 in
617 1258 839 1333 augmentum,
863 1270 924 1335 que
948 1247 1045 1314 multa
1069 1247 1148 1312 mala
1173 1245 1296 1327 docuit,
1325 1248 1512 1328 ociositatis,
1540 1269 1606 1312 uon

346 1268 388 1396 al
400 1330 518 1397 silencii
542 1333 662 1398 iusticie
679 1332 808 1414 cultum,
831 1345 879 1399 set
895 1334 933 1400 ad
949 1332 1119 1400 verborum
1136 1335 1404 1420 perstrepencium
1426 1333 1607 1412 tumultum,

347 1441 419 1484 cum
443 1417 553 1484 risibus
577 1419 762 1502 inconditis,
791 1433 965 1487 asserentes
989 1419 1039 1486 vel
1062 1418 1158 1486 fidem
1183 1419 1376 1486 mendaciter
1400 1418 1607 1487 asserentibus

345 1505 602 1586 accomodantes,
626 1505 711 1594 quod
736 1506 917 1574 huiusmodi
933 1509 1077 1596 personis
1100 1531 1136 1573 ac
1160 1506 1347 1573 monialibus
1364 1529 1426 1593 ego
1450 1507 1606 1574 licentiam

347 1590 487 1658 dederim
519 1593 710 1660 introeundi.
766 1593 865 1674 Quod
899 1607 1004 1661 tamen
1036 1617 1073 1660 ex
1104 1606 1190 1681 parte
1218 1595 1281 1660 mei
1316 1617 1409 1681 super
1439 1595 1500 1660 lroc
1530 1593 1608 1660 datis

345 1678 454 1745 litteris
477 1702 544 1744 non
568 1679 749 1766 probarunt.
788 1680 911 1747 Nolens
929 1683 1021 1768 igitur
1044 1692 1165 1748 tantum
1183 1682 1411 1747 inconveniens
1435 1682 1608 1746 conniven-

345 1764 426 1832 tibus
450 1765 549 1832 oculis
572 1769 736 1852 preterire,
763 1766 945 1834 discretioni
969 1779 1072 1834 vestre
1096 1769 1283 1848 committe,
1307 1769 1421 1854 paritet
1445 1769 1537 1834 etiam
1564 1769 1608 1833 in·

346 1854 455 1938 iunge,
472 1865 635 1942 quatenus,
652 1855 675 1920 si
694 1856 735 1921 ita
752 1866 809 1936 est,
825 1855 1005 1942 priorissam
1024 1854 1096 1921 dicti
1113 1855 1185 1936 loci,
1202 1854 1317 1943 absque
1334 1857 1421 1921 cuius
1438 1877 1607 1934 consensu,

345 1941 474 2006 scientia
490 1940 540 2007 vel
556 1939 746 2027 negligentia
762 1941 830 2008 talis
847 1945 1033 2028 contingere
1050 1941 1099 2008 vel
1122 1942 1311 2009 insolescere
1328 1943 1468 2030 nequivit
1484 1941 1607 2019 abusus,

346 2027 427 2093 inter
456 2040 573 2107 cetera,
609 2051 669 2116 que
699 2029 756 2094 sibi
787 2027 906 2096 debetis
934 2031 1099 2115 iniungere
1131 2053 1188 2116 pro
1218 2031 1351 2116 peccatis
1382 2027 1537 2109 facienda,
1569 2027 1607 2093 ab

346 2114 489 2198 ingressu
527 2115 672 2196 ecclesie,
710 2115 812 2182 donec
848 2115 1022 2182 sectmdum
1056 2129 1195 2182 vestrum
1228 2114 1376 2182 iudicium
1414 2114 1606 2193 satisfecerit,

345 2199 551 2287 suspendatis.
605 2201 689 2268 Alias
718 2215 822 2269 autem
854 2225 997 2284 sorores,
1028 2226 1088 2290 que
1117 2201 1268 2270 dictarum
1298 2225 1503 2289 personarum
1535 2223 1607 2288 pro-

346 2301 532 2355 curaverunt
560 2291 737 2376 ingressum
762 2289 811 2356 vel
840 2291 913 2376 ipsis
938 2290 1089 2356 associate
1114 2289 1242 2370 fuerint,
1272 2291 1410 2356 severius
1434 2290 1606 2374 corrigatis,

345 2394 438 2461 prout
462 2399 647 2465 unaqueque
672 2378 772 2464 magis
795 2376 845 2444 vel
868 2378 972 2443 minus
997 2377 1137 2443 noscitur
1162 2376 1343 2465 deliquisse,
1374 2387 1606 2455 ammonentes,

344 2461 430 2550 quod
454 2461 493 2529 de
518 2465 661 2551 ingressu
685 2465 746 2532 hoe
767 2464 935 2532 observent
959 2466 1110 2545 strictius,
1141 2464 1226 2553 quod
1250 2463 1343 2531 tradit
1367 2465 1552 2530 constitutio
1577 2474 1606 2529 et

344 2549 518 2617 secundum
550 2551 613 2619 hoc
635 2575 718 2619 seras
743 2552 921 2620 custodiant
952 2573 1045 2641 atque
1069 2572 1184 2640 portas.
1231 2553 1321 2619 Hanc
1351 2551 1485 2618 formam
1512 2551 1604 2618 etiam

346 2639 377 2703 in
394 2641 505 2705 ceteris
529 2639 668 2706 claustris
685 2664 757 2707 cure
774 2653 876 2707 vestre
901 2641 1079 2706 commissis
1096 2639 1263 2706 efficaciter
1286 2641 1428 2706 teneatis.
1464 2637 1606 2704 Ediculas

345 2738 417 2792 aute
433 2738 539 2813 portas
556 2728 753 2808 intrinsecus,
777 2751 852 2816 quas
868 2727 924 2793 sibi
942 2739 1090 2814 usurpant
1107 2727 1265 2808 hostiarie,
1290 2726 1340 2793 ubi
1358 2738 1389 2794 et
1405 2726 1463 2792 alie
1479 2748 1606 2792 sorores

347 2813 541 2879 conveniunt
569 2826 600 2880 et
629 2814 783 2880 seculares
813 2813 939 2880 faciliter
963 2814 1168 2894 irulucuntnr,
1201 2813 1326 2880 destitui
1355 2815 1529 2900 procuretis
1560 2812 1606 2877 vel

347 2898 447 2962 caveri
464 2899 647 2978 certissime,
672 2899 802 2986 nequid
827 2901 949 2965 eveniat
964 2899 1065 2964 simile
1089 2901 1120 2964 in
1139 2898 1286 2964 futurum.
1326 2899 1494 2964 lievocetis
1512 2900 1603 2963 etiam

347 3005 478 3048 omnem
494 2983 651 3050 licentiam
675 2986 741 3052 sive
757 3008 774 3050 a
790 3008 842 3052 me
865 2987 930 3052 sive
947 2985 984 3050 ab
1008 2984 1068 3050 alio
1086 2985 1134 3051 vel
1157 2984 1194 3050 ab
1218 2984 1283 3050 aliis
1322 3006 1489 3071 uocunque
1506 2982 1606 3049 modo

347 3091 543 3151 concessam,
560 3073 702 3159 quamvis
715 3095 782 3138 non
799 3073 999 3138 meminerim
1013 3071 1186 3138 metalium
1203 3008 1319 3160 aliquid
1330 3069 1504 3137 indulsisse.
1529 3069 1565 3135 Et
1581 3071 1605 3134 si

346 3155 448 3244 aliqua
463 3155 647 3225 frustrantur
663 3157 800 3224 remedia
817 3157 1066 3246 frequentatores
1083 3176 1113 3224 et
1129 3157 1386 3246 frequentatrices
1399 3157 1605 3223 claustrorum

348 3255 530 3310 nostrorum
566 3247 750 3313 auctoritate
787 3245 940 3333 privilegii
980 3244 1071 3311 nobis
1104 3268 1120 3312 a
1160 3244 1293 3312 domino
1327 3244 1430 3332 legato
1464 3245 1606 3311 concessi

347 3332 580 3400 ammonitione
604 3335 765 3420 premissa,
789 3334 1001 3422 cuiuscunque
1025 3345 1122 3400 status
1139 3332 1187 3400 vel
1212 3332 1404 3400 conditionis
1423 3332 1608 3410 exstiterint,

348 3441 403 3506 per
427 3443 591 3486 censuram
617 3421 856 3488 ecclesiasticam
887 3423 1103 3508 compescatis.
1150 3420 1283 3488 Sorores
1312 3443 1404 3502 vero,
1436 3441 1497 3508 que
1521 3442 1608 3485 com-

348 3505 443 3592 plices
459 3507 508 3573 vel
532 3507 738 3575 coadiutrices
762 3509 852 3576 huius
875 3509 1132 3595 transgressionis
1149 3507 1273 3588 fuerint,
1297 3509 1461 3575 austeriori
1478 3506 1608 3573 subicite

348 3593 520 3680 discipline.
575 3594 626 3661 Ad
658 3595 719 3662 boc
749 3618 877 3662 sorores
914 3594 952 3661 de
985 3594 1179 3675 Gamundia,
1212 3619 1272 3683 que
1303 3594 1441 3661 conficto
1473 3591 1609 3660 incendii

349 3680 488 3768 periculo
513 3683 685 3763 exiverunt,
708 3681 794 3771 quod
818 3684 891 3770 ipsis
916 3695 962 3750 est
985 3682 1042 3748 sub
1065 3683 1264 3749 anathemate
1290 3681 1501 3763 interdictum,
1529 3704 1608 3768 pena

349 3767 452 3836 debita
475 3771 619 3857 puniatis.
666 3771 784 3837 Datum
807 3769 944 3857 Ezlinge.

428 3895 569 3902 .......—..-....
588 3898 593 3902 .

453 3942 509 3998 aa.
531 3897 604 4013 aas

951 4149 1012 4218 ill.

455 4273 632 4360 Prasiana!
655 4271 845 4362 (Horatiana)
876 4273 1052 4362 beaarstragt
1079 4274 1135 4338 den
1160 4274 1248 4339 Prior
1276 4295 1333 4338 riou
1360 4271 1444 4338 Clam
1472 4274 1526 4336 ruit
1551 4271 1607 4336 Br-

348 4362 493 4449 srrasung
516 4364 593 4427 εἶπες
616 4361 759 4428 Braders.
805 4359 978 4449 Arrgrbrrrg.
1025 4357 1151 4450 (1289.)

455 4467 554 4533 Priori
588 4467 732 4534 Curiensi
767 4465 965 4554 provincialis
998 4465 1037 4533 de
1070 4467 1267 4533 correctione
1300 4463 1461 4532 cuiusdam
1498 4463 1608 4530 fratris.

349 4553 482 4641 Sanguis
499 4553 695 4622 subditorum
714 4554 752 4622 de
776 4553 919 4621 manibus
936 4553 1174 4642 presedencium
1198 4565 1287 4621 tanto
1304 4554 1470 4642 requiritur
1490 4553 1609 4629 iustius,

349 4653 467 4730 quanto
491 4643 523 4708 in
547 4644 688 4729 ipsorum
714 4665 785 4709 cura
809 4643 929 4728 egerint
961 4641 1179 4728 neglegentius
1203 4665 1275 4707 cum
1304 4639 1480 4727 pastoribus
1505 4663 1610 4706 ewau-
1640 4648 1643 4654 '

349 4728 456 4816 gelicis
484 4753 540 4818 per
563 4743 675 4798 noctes
702 4729 822 4818 vigilias
847 4753 911 4796 non
940 4748 1110 4796 servantes.
1156 4727 1232 4796 lnde
1261 4727 1312 4794 leo
1340 4729 1485 4813 rugiens,
1520 4727 1609 4813 lupus

349 4819 482 4904 rapiens,
506 4816 554 4884 fur
577 4819 736 4900 occidens,
760 4841 818 4884 nec
842 4830 888 4884 est
912 4817 1023 4898 David,
1048 4829 1081 4884 ut
1105 4829 1205 4897 eruat,
1230 4815 1285 4882 sed
1309 4828 1476 4903 postquam
1501 4812 1609 4880 adver-

349 4905 446 4970 sarius
462 4904 602 4989 implevit
619 4906 726 4970 ovirun
743 4904 953 4971 teneritudine
969 4915 1111 4969 ventrem
1129 4926 1231 4982 suurn,
1255 4904 1304 4968 vix
1323 4904 1404 4968 iuxta
1422 4902 1607 4987 proplietam
