3822 5592
356 599 397 664 92
944 593 1038 649 llries.
1505 595 1527 666 J.
1550 603 1623 665 ¹274·

356 755 476 834 exuviis
500 754 677 820 nescientes
700 753 844 841 amplius,
868 752 942 842 quid
965 755 1006 820 sit
1021 753 1135 834 viscus,
1159 775 1269 833 nexus,
1293 751 1398 819 clavus
1420 765 1473 820 aut
1496 753 1623 841 laqueus

269 855 271 858 ’
355 860 567 907 terrenorum.
613 841 715 906 Porro
740 843 802 908 iam
826 840 981 928 paulisper
1004 839 1043 907 de
1067 839 1125 906 illis
1149 840 1236 927 loqui
1259 838 1387 921 libebat,
1417 863 1490 907 cum
1513 839 1623 930 quibus

356 926 494 1014 colloqui
517 949 585 992 non
609 926 729 993 licebat.
777 927 833 994 Set
856 949 981 993 exnunc
1009 926 1049 992 ad
1075 925 1286 1013 perorandam
1315 949 1441 992 causam
1464 928 1624 1013 propriam

355 1012 422 1077 lora
444 1011 637 1078 reflectimus
661 1013 693 1077 in
716 1024 820 1079 vestre
844 1013 980 1079 concilio
1003 1013 1183 1078 sanctitatis.
1231 1012 1386 1098 Cupimus
1404 1013 1489 1078 enim
1512 1015 1624 1080 vestris

356 1095 518 1163 affe'ctibus
541 1098 636 1163 inseri
654 1097 701 1184 (?)
720 1109 751 1164 et
769 1097 812 1164 'ad
829 1099 891 1164 hoc
914 1099 1140 1164 succrescentis
1162 1098 1227 1163 vite
1250 1097 1369 1163 radices
1394 1096 1563 1164 extendere
1585 1096 1624 1164 ad

355 1194 529 1249 vestrarum
561 1182 710 1250 decursus
740 1207 906 1272 aquarum,
939 1207 1015 1272 quas
1046 1184 1173 1250 hauritis
1203 1184 1236 1248 in
1266 1182 1383 1269 gaudio
1415 1181 1455 1250 de
1484 1183 1624 1249 fontibus

356 1268 528 1350 salvatoris,
552 1269 664 1357 quibus
687 1273 783 1336 rotati
807 1271 931 1336 suavius
953 1290 984 1336 et
1007 1271 1097 1354 rigati
1114 1270 1275 1356 copiosius
1298 1271 1505 1356 germinantis
1528 1269 1624 1336 flores

356 1357 446 1421 etatis
470 1357 501 1420 in
525 1355 642 1423 fructus
665 1368 826 1424 transeant
850 1357 1033 1422 honestatis.
1069 1355 1184 1421 Sumus
1208 1357 1302 1422 etiam
1326 1377 1385 1441 pro
1409 1355 1547 1443 patribus
1570 1355 1624 1422 filii

357 1442 421 1507 nati
443 1441 534 1507 vobis
558 1453 622 1508 tam
647 1466 775 1510 morum
799 1465 894 1531 quam
917 1465 1039 1520 rerum,
1062 1460 1126 1508 tam
1151 1464 1262 1508 sensus
1285 1465 1380 1529 quarn
1403 1465 1534 1525 census,
1558 1454 1623 1510 tam

356 1529 517 1593 actionum
543 1551 636 1615 quam
661 1531 897 1628 possessionem
922 1529 1054 1616 legitimi
1082 1550 1291 1595 successores.
1338 1527 1433 1595 Unde
1463 1551 1538 1615 erga
1565 1551 1624 1596 vos

357 1613 515 1680 habundat
538 1615 570 1679 in
594 1615 685 1680 tlobls
709 1638 800 1681 amor
823 1617 954 1702 patrius,
978 1615 1061 1681 zelus
1085 1626 1247 1701 paternus,
1272 1612 1350 1680 fides
1374 1616 1622 1700 consanguinea,

355 1698 444 1766 favor
469 1723 653 1782 vermanus,
684 1702 845 1788 originalis
869 1701 1021 1781 devoci0,
1046 1703 1225 1767 reverencia
1248 1699 1357 1766 filialis.
1403 1702 1449 1767 Ita
1472 1719 1516 1782 ut,
1548 1724 1621 1767 cum

356 1787 415 1852 hec
431 1753 524 1853 ndbis
547 1788 638 1854 insita
659 1789 738 1854 sicut
762 1787 929 1855 extraduce
946 1786 994 1875 (?)
1012 1788 1237 1872 cognoveritis,
1261 1785 1365 1854 fronte
1388 1786 1482 1853 libera
1507 1810 1566 1853 nos
1590 1789 1622 1852 in

355 1874 467 1940 vestris
491 1873 756 1960 oportunitatibus
772 1876 944 1962 requiratis
980 1875 1132 1940 Ceterum
1149 1895 1261 1940 serene
1284 1873 1518 1939 recordacionis
1534 1887 1622 1960 pater

356 1972 480 2036 noster,
514 1959 590 2026 dum
620 1960 721 2028 adhuc
751 1962 885 2041 viveret,
917 1960 1027 2026 crebro
1060 1961 1091 2025 in
1125 1961 1236 2026 vestris
1267 1959 1422 2046 capitulis,
1456 1962 1621 2046 presertim

355 2045 569 2132 generalibus,
600 2046 665 2114 dari
694 2047 750 2114 sibi
774 2049 863 2135 petiit
891 2045 1025 2114 domum
1050 2069 1161 2128 unam,
1194 2058 1242 2114 set
1265 2059 1369 2113 morte
1393 2059 1621 2133 preoccupatus

356 2132 499 2214 infausta,
522 2132 608 2221 quod
631 2135 852 2235 postulaverat,
876 2157 943 2200 non
967 2135 1101 2220 accepit,
1128 2146 1236 2200 tamen
1261 2155 1319 2219 pro
1343 2134 1427 2200 bone
1450 2132 1621 2201 voluntatis

356 2221 521 2307 proposito
538 2220 740 2308 prermandus
757 2221 793 2288 ab
811 2244 861 2302 e0,
877 2222 930 2310 qui
946 2244 1002 2287 cor
1018 2221 1161 2288 votivum
1174 2221 1312 2305 suscipit,
1329 2221 1423 2286 etiam
1439 2221 1465 2287 si
1481 2221 1621 2288 restricta

356 2330 412 2408 per
442 2309 811 2395 impotenciammanus
839 2308 877 2375 ad
908 2331 1005 2395 opera
1033 2331 1099 2374 non
1128 2307 1290 2395 processit.
1336 2308 1407 2374 Nos
1437 2309 1532 2394 igitur
1561 2331 1620 2396 pro

356 2395 452 2482 ipsius
484 2394 628 2464 remedio
659 2407 690 2464 et
720 2397 847 2484 proprie
876 2395 981 2462 salutis
1009 2414 1182 2482 augmento
1214 2394 1244 2462 id
1273 2396 1375 2482 ipsum
1405 2394 1563 2462 humiliter
1591 2407 1622 2462 et

355 2493 474 2549 attente
500 2506 594 2571 prece
618 2485 780 2571 poscimus
808 2495 968 2550 renovata.
1016 2483 1172 2563 Quamvis
1196 2483 1281 2548 enim
1313 2483 1345 2547 in
1374 2484 1524 2569 spaciosis
1554 2505 1621 2570 par·

355 2568 436 2636 tibus
465 2589 576 2638 nostro
600 2572 748 2658 regimini
777 2571 885 2638 celitus
914 2569 1146 2638 commendatis
1171 2570 1282 2635 messis
1310 2569 1458 2657 plurima,
1487 2571 1619 2657 operarii

354 2659 454 2745 pauci,
479 2681 564 2726 rarus
581 2658 721 2747 angelus,
738 2659 960 2746 languencium
978 2657 1159 2739 multitude,
1177 2681 1234 2724 vos
1250 2657 1289 2724 ad
1306 2655 1347 2740 id,
1372 2656 1458 2746 quod
1474 2659 1621 2746 petimus,

356 2744 491 2812 debeant
514 2746 643 2814 faciliter
667 2747 832 2828 inclinare,
862 2749 914 2834 qui
938 2745 1140 2833 perfectionis
1169 2745 1310 2832 discipuli
1339 2744 1459 2812 dixistis
1487 2747 1566 2832 patri
1590 2764 1621 2811 et

356 2834 461 2898 matri:
487 2835 595 2899 nescio
619 2857 688 2914 vos,
713 2833 874 2900 Christum
900 2856 1072 2919 pauperum
1098 2835 1129 2898 in
1153 2843 1334 2918 paupertate
1350 2831 1525 2898 voluntaria
1546 2853 1622 2898 con-

356 2929 522 2984 sectantes.
588 2919 763 2984 Plurimum
801 2931 907 2985 tamen
944 2941 1106 3004 speramns
1144 2919 1281 3003 negocio
1316 2917 1497 2998 valiturum,
1535 2916 1621 3017 quod

355 3003 548 3069 honorabilis
572 3005 618 3072 vir
642 3006 728 3091 prior
751 3017 854 3071 vester
876 3004 1086 3090 provincialis,
1112 3028 1184 3070 cnm
1203 3005 1353 3069 comitiva
1376 3026 1431 3068 sua
1454 3015 1618 3069 transitum

355 3111 410 3175 per
434 3110 576 3156 nostram
601 3090 773 3157 Marchiam
797 3089 924 3171 faciens,
952 3090 1123 3178 prudenter
1147 3089 1279 3156 advertit
1303 3089 1447 3170 locorum
1470 3090 1619 3176 graciam,

353 3176 495 3243 villatum
508 3177 614 3259 situm,
632 3176 821 3264 oppidorum
836 3189 962 3259 statum,
980 3179 1140 3245 civitatum
1154 3177 1311 3258 ordinem,
1328 3176 1501 3243 ubertatem
1512 3177 1619 3263 patrie,

354 3263 463 3350 populi
486 3263 711 3352 frequenciam,
735 3263 901 3354 dequibus
926 3284 956 3330 et
973 3265 1049 3346 aliis,
1074 3288 1134 3353 que
1156 3263 1360 3331 discrecionis
1384 3286 1439 3330 sue
1456 3286 1620 3330 commen-

355 3349 426 3418 data
454 3351 698 3434 suntauribus,
731 3353 944 3418 sinceritatem
974 3365 1110 3419 vestram
1147 3350 1279 3418 reddere
1310 3353 1426 3439 poterit
1460 3352 1619 3418 certiores.

355 3437 487 3526 Semper
511 3439 590 3508 bene
615 3438 725 3506 valete.
774 3438 1023 3527 Her(mannus).

439 3663 515 3718 1Fol.
538 3679 595 3731 ¹25·
632 3665 662 3717 ln
686 3665 747 3717 dem
767 3664 856 3717 Buche
881 3663 928 3717 des
952 3664 1056 3734 Johann
1076 3664 1181 3717 Sattnuel
1202 3663 1294 3727 Seckt,
1322 3663 1443 3716 Versuch
1470 3663 1542 3716 einer
1566 3661 1620 3715 Ge·

354 3749 473 3804 schichte
497 3750 543 3804 der
562 3751 818 3804 Uchermairhischen
837 3750 995 3820 Hauptstadt
1015 3750 1141 3803 Prenzlau
1166 3751 1261 3820 (1785)
1282 3751 1299 3816 1,
1323 3766 1354 3818 50
1373 3750 1450 3804 heisst
1470 3766 1512 3804 es:
1533 3749 1621 3802 »Zwei

355 3835 513 3890 lnschristen
532 3837 558 3890 in
577 3837 624 3890 der
648 3839 763 3907 jetzigen
782 3837 991 3904 Nikolailrirche,
1015 3838 1120 3890 welche
1146 3837 1261 3890 vormals
1285 3838 1327 3890 die
1346 3837 1542 3890 Klostetltitche
1561 3837 1621 3905 (der

354 3923 559 3992 Dominilxaner)
578 3939 707 3993 geweseu
726 3926 767 3990 ist,
787 3925 900 3976 macheu
916 3942 963 3976 uns
983 3925 1030 3976 das
1044 3925 1107 3994 Jahr
1126 3924 1172 3977 der
1185 3923 1335 3977 Fundazion
1351 3924 1489 3977 derselben
1502 3923 1555 4002 und
1569 3923 1620 3976 den

354 4010 459 4063 Namen
473 4009 519 4064 der
529 4009 620 4063 Stilter
632 4009 679 4064 des
688 4010 810 4064 Klosters
823 4011 945 4064 bekannt.
966 4011 1016 4064 Die
1027 4011 1124 4064 Kirche
1138 4011 1191 4064 und
1204 4011 1361 4065 vermutlich
1374 4012 1441 4064 auch
1454 4010 1499 4064 das
1514 4011 1620 4064 llloster

355 4097 463 4150 wurden
483 4099 519 4150 im
538 4097 618 4168 Jahre
640 4112 704 4166 1275
726 4099 875 4168 gegrtrndet
895 4141 900 4152 .
922 4141 927 4152 .
952 4098 1002 4152 Die
1023 4098 1113 4152 Stilter
1132 4116 1223 4152 waren
1242 4098 1378 4170 Marhgraf
1393 4098 1497 4168 Johana
1516 4099 1547 4152 ll.
1566 4115 1619 4152 von

354 4183 543 4254 Brandenburg
556 4184 609 4237 und
628 4185 701 4237 seine
715 4184 857 4238 Gemahlin
871 4185 1011 4256 Hedwig.«
1038 4187 1089 4238 Die
1102 4186 1197 4238 beiden
1211 4185 1367 4239 lnschristen
1380 4186 1480 4238 lauten:
1503 4201 1525 4239 1.
1539 4186 1619 4238 Anno

353 4271 454 4323 domini
477 4285 540 4339 ¹275
564 4273 771 4342 3.110nasntaij
795 4270 901 4325 tundata
921 4282 961 4326 est
986 4273 1097 4326 ecclesia
1117 4274 1165 4326 ista
1189 4273 1366 4326 inhonorem
1391 4289 1411 4325 s.
1430 4272 1513 4325 crucis
1534 4314 1540 4327 .
1560 4314 1565 4326 .
1586 4314 1592 4326 .
1613 4322 1619 4334 ,

353 4358 433 4410 Anno
452 4357 552 4410 domini
569 4373 633 4428 1375
649 4360 820 4428 (statt1275)
839 4365 863 4413 4.
877 4376 961 4412 nonas
981 4361 1043 4429 junii
1063 4359 1155 4412 iratres
1169 4359 1350 4412 Predicatores
1369 4358 1520 4434 ...locum
1540 4359 1620 4412 istum

354 4454 509 4516 receperant
534 4455 559 4499 et
586 4447 611 4499 in
636 4447 733 4500 eodem
757 4446 897 4500 ecclesiam
924 4457 949 4499 et
976 4446 1118 4500 claustrum
1143 4445 1280 4504 aedificare
1305 4455 1458 4516 coeperunt.
1496 4459 1519 4499 2.
1540 4445 1620 4498 Anno

353 4532 453 4586 domini
475 4533 536 4595 1281
560 4547 584 4598 4.
605 4534 661 4586 idus
681 4535 839 4604 septembris
859 4534 923 4587 obiit
943 4535 1062 4587 marchio
1075 4534 1211 4604 Johannes
1231 4532 1351 4586 fundatur
1370 4533 1443 4585 istius
1463 4541 1619 4586 conventus.

353 4619 404 4672 Die
428 4619 606 4691 Einweihung
629 4621 675 4674 der
700 4621 797 4674 Kirche
822 4621 883 4674 land
909 4635 972 4689 1343
998 4621 1069 4674 Mara
1097 4635 1127 4673 12
1152 4629 1221 4674 statt.
1258 4619 1319 4689 Vgl.
1344 4619 1411 4672 auch
1436 4619 1459 4688 J.
1480 4619 1515 4672 M.
1539 4618 1572 4671 de
1596 4618 1620 4672 la

354 4705 656 4773 Pierre,‘Ausffihrliche
675 4707 838 4761 Geschichte
857 4708 903 4760 der
923 4708 1091 4773 Uckermarlt,
1114 4709 1162 4778 389
1181 4706 1198 4760 s.
