3822 5592
332 593 390 676 136
911 606 1004 661 urrer.
1184 561 1189 572 ’
1468 607 1490 676 J.
1513 607 1584 676 1289.

327 765 409 830 iuxta
433 775 577 836 tenorem
602 762 754 850 privilegii
779 763 954 850 apostolici,
978 762 1063 849 quod
1109 763 1171 828 rius
1196 761 1375 840 habuerant,
1399 764 1583 850 quinetiam

325 847 501 916 secundum
529 851 760 916 continentiam
788 849 941 936 privilegii
970 785 1154 915 venerabilis
1184 846 1307 915 domini
1331 847 1481 914 lobannis
1504 848 1586 913 Tus-

326 935 426 1002 calani
443 959 460 1002 e
484 937 593 1022 iscopi,
617 935 759 1002 eiusdem
776 935 859 1002 sedis
876 958 930 1022 per
946 935 1165 1002 Alemanniam
1183 934 1286 1020 legati,
1310 933 1398 1022 quod
1416 934 1587 1021 probantur

326 958 533 1108 postmodum
558 1045 629 1088 curu
662 1024 774 1088 ceteris
798 1020 876 1087 locis
899 1044 1047 1087 sororum
1071 1022 1172 1086 nostri
1200 1020 1320 1086 ordinis
1344 1019 1585 1108 conseq(u)ute.

327 1108 483 1187 Quamvis
507 1109 592 1173 enim
622 1130 749 1174 sorores
772 1109 924 1194 premisse
954 1107 1029 1172 olim
1064 1106 1256 1193 prodeuntes
1287 1105 1326 1172 de
1351 1106 1453 1173 Cruce
1481 1106 1586 1173 locum

327 1193 497 1260 inhabitare
513 1196 664 1280 ceperint,
688 1217 783 1294 quem
803 1217 888 1260 nunc
904 1206 1023 1274 tenent,
1047 1206 1153 1258 tamen
1177 1195 1251 1279 ipsis
1270 1190 1435 1280 utrobique
1452 1191 1587 1279 presidet

326 1282 412 1366 prior
435 1303 525 1346 unus.
565 1280 674 1366 Opilet
698 1282 792 1366 igitur
808 1303 844 1346 os
868 1303 959 1346 suum
984 1281 1143 1346 temeritas
1160 1279 1331 1346 dicentium
1371 1276 1446 1359 uod,
1470 1302 1508 1344 ev
1524 1302 1587 1367 quo

326 1366 517 1465 reliquerunt
533 1366 651 1447 locum,
675 1388 742 1432 non
759 1378 905 1466 sequatur
927 1368 1006 1451 ipsas
1024 1367 1108 1453 prius
1124 1365 1264 1431 habitum
1281 1302 1489 1452 privilegium,
1514 1388 1586 1430 nam

326 1451 415 1518 realrs
439 1455 539 1537 magis
564 1465 610 1520 est
634 1451 833 1538 indulgencia
856 1475 950 1540 quam
974 1451 1080 1517 localis
1105 1504 1111 1518 .
1138 1503 1144 1516 .
1171 1504 1178 1516 .
1203 1449 1343 1532 Quando
1367 1450 1481 1516 domus
1505 1473 1588 1517 nova

326 1536 418 1604 fuerit
441 1538 621 1618 statuenda,
651 1550 758 1605 tamen
789 1538 870 1604 ordo
894 1540 941 1604 ius
972 1561 1063 1604 suum
1093 1539 1207 1604 retinet
1236 1539 1267 1602 in
1298 1537 1529 1623 egredientibus
1559 1558 1589 1603 et

326 1625 457 1693 residuis
488 1627 686 1692 inconcusse.
733 1627 802 1692 Nec
832 1625 944 1692 desunt
974 1625 1131 1713 exempla,
1160 1648 1233 1691 nam
1258 1647 1385 1691 sorores
1409 1623 1449 1691 de
1473 1624 1589 1691 Sancto

326 1713 435 1779 Marco
459 1715 491 1778 in
516 1712 679 1800 Herbipoli
702 1714 912 1780 transiverunt
936 1714 967 1778 in
992 1712 1184 1798 Rotinburg,
1211 1735 1305 1800 super
1329 1723 1496 1778 coetaneus
1519 1736 1589 1778 suas

325 1799 527 1886 profecerunt
556 1813 716 1868 ettamen
747 1803 838 1868 novis
867 1799 1159 1888 supervenientibus
1191 1801 1322 1866 minime
1351 1812 1457 1867 vetera
1487 1802 1590 1888 proie-

327 1901 446 1956 cerunt.
492 1888 609 1955 Datum
642 1889 824 1976 Ratispone.
872 1888 935 1954 Sub
967 1887 1060 1954 simili
1092 1887 1194 1954 forma
1223 1887 1291 1954 data
1320 1899 1367 1954 est
1399 1887 1500 1954 littera
1528 1911 1588 1954 una

326 1975 486 2043 sororibus
511 1977 705 2043 memoratis.

327 2104 333 2108 .
341 2103 569 2110 -n—-n--e-mw
580 2105 641 2110 -.-...

432 2150 487 2204 Fol.
510 2150 558 2216 164
567 2163 593 2204 V,
630 2151 685 2204 Der
704 2151 812 2221 Anfang
831 2153 863 2204 ist
883 2161 966 2204 etwas
986 2150 1116 2220 aulfr'illig;
1136 2151 1206 2202 denu
1226 2149 1271 2202 das
1289 2151 1396 2203 Kloster
1415 2151 1485 2203 lebte
1505 2150 1587 2202 schorr

326 2238 404 2308 lange
428 2238 574 2291 secundum
601 2239 716 2292 instituta
743 2238 852 2292 fratrum
876 2239 1099 2291 Praedicatorunr.
1146 2237 1207 2307 Vgl.
1232 2237 1354 2290 Pottlrast
1378 2237 1424 2290 Nr.
1452 2239 1532 2308 18915
1559 2255 1589 2289 zu

329 2323 396 2391 1264
414 2326 466 2378 Mai
488 2341 516 2394 15
543 2326 595 2378 und
614 2326 726 2397 Janner,
750 2325 848 2378 Gesclr.
868 2325 892 2379 d.
913 2325 1037 2378 Risclrofe
1057 2343 1110 2378 von
1129 2325 1305 2394 Regeusburg
1325 2325 1361 2387 ll,
1388 2326 1439 2394 478
1459 2325 1511 2376 und
1529 2324 1588 2388 488.

930 2517 986 2586 117.

432 2643 609 2728 Proviuzial
633 2639 823 2732 (Hermann)
847 2642 940 2707 davrl‘t
964 2645 1055 2706 nivem
1082 2641 1248 2706 Edellvcrru
1265 2643 1326 2729 fiir
1349 2642 1396 2706 dir
1418 2641 1590 2727 Griiudrrug

326 2732 403 2794 crines
426 2729 872 2796 Dominileurrerirrnenllosters.
922 2729 1122 2816 regensburg.
1169 2726 1295 2818 (1289.)

431 2833 634 2899 Provincialis
667 2833 789 2898 cuidam
820 2833 953 2903 domino
983 2833 1021 2897 dc
1053 2832 1236 2898 fundatione
1271 2831 1432 2897 cuiusdam
1466 2832 1588 2897 claustri

326 2939 474 2981 sororum
499 2919 696 3002 regratiatus.
732 2918 912 2983 Devocioni
931 2931 1032 2983 vestre
1056 2916 1261 3000 congaudens
1285 2918 1500 3000 omnipotenti
1520 2918 1589 2981 Deo

325 3004 440 3088 gratias
462 3001 581 3083 reler0,
610 3015 740 3090 quantas
763 3025 908 3088 possum,
938 3003 1023 3089 quod
1048 3025 1105 3068 vos
1134 3005 1166 3066 in
1191 3002 1263 3068 loco
1288 3001 1338 3068 tali
1364 3054 1370 3068 .
1397 3054 1404 3066 .
1429 3003 1460 3066 in
1485 3013 1589 3068 vestro

327 3088 467 3155 districtu
496 3087 631 3156 edificari
660 3112 808 3155 sororum
837 3108 1015 3155 nostrarum
1048 3091 1276 3155 monasterium
1299 3089 1503 3175 procurastis,
1531 3111 1589 3174 pro

348 3199 390 3242 uo
407 3194 438 3242 et
455 3177 520 3242 eius
544 3177 754 3263 promocione
771 3199 823 3242 me
847 3175 979 3242 libenter·
995 3175 1186 3262 impendam,
1211 3177 1350 3262 proviso,
1375 3173 1461 3263 quod
1478 3199 1589 3242 secun-

326 3200 402 3329 dum
433 3277 569 3331 vestram
601 3263 837 3351 providenciam
868 3263 1092 3350 temporalibus
1129 3286 1194 3328 non
1225 3262 1431 3330 destituantur
1460 3263 1589 3342 auxiliis,

326 3353 406 3418 sicut
430 3375 481 3418 eas
504 3351 711 3439 spiritualibus
757 3350 889 3418 roficere
914 3350 1059 3418 desidero
1084 3353 1298 3418 incrementis.
1339 3351 1448 3417 Unum
1472 3363 1587 3417 restare

326 3441 451 3526 putatis,
475 3460 508 3506 ut
532 3438 633 3520 detur,
678 3375 755 3506 uod
767 3463 832 3506 non
857 3453 929 3506 sunt
946 3438 1049 3506 ordini
1073 3438 1174 3505 adbuc
1191 3441 1281 3506 incor
1304 3459 1391 3505 orate
1415 3461 1474 3505 nec
1491 3439 1588 3519 unite,

327 3546 374 3594 set
397 3527 471 3615 quid
494 3527 573 3594 ultra
597 3530 640 3594 eis
656 3463 770 3594 <debuit
786 3527 866 3594 ordo
890 3527 990 3594 facere
1008 3539 1039 3593 et
1062 3549 1127 3592 non
1152 3525 1246 3594 fecit?
1281 3462 1330 3593 be
1347 3527 1458 3593 ordine
1475 3540 1587 3594 nostro

328 3627 358 3681 et
381 3617 439 3702 ipsi
463 3615 565 3682 ordini
590 3617 789 3702 incorporate
813 3638 939 3681 sorores
963 3615 1071 3680 locum
1094 3613 1269 3701 predictum
1293 3627 1495 3701 receperunt,
1519 3637 1588 3701 pcr-

326 3725 421 3767 sonas
444 3701 640 3784 imbuerunt,
665 3703 812 3768 institutis
835 3701 1015 3768 salutaribus
1038 3700 1263 3783 fundaverunt3
1295 3715 1326 3769 et
1349 3703 1374 3768 si
1398 3700 1471 3790 quid
1496 3713 1588 3768 restat

326 3789 474 3876 amplius,
508 3789 546 3856 de
578 3801 684 3857 vestro
713 3803 744 3856 et
776 3789 928 3856 karissimi
959 3790 1036 3855 milri
1064 3791 1095 3855 in
1127 3789 1255 3857 Christo
1288 3791 1400 3878 prioris
1430 3787 1588 3855 Landens-

327 3878 468 3943 butensis
492 3877 626 3943 consilio
650 3877 751 3942 facere
777 3900 846 3942 sum
870 3890 1002 3964 paratus.
1049 3877 1207 3959 Scientes,
1236 3877 1321 3966 quod
1352 3877 1533 3943 advocacias
1557 3889 1587 3942 et
1635 3871 1638 3884 ¹

326 3965 505 4048 ingressum
519 3965 660 4030 virorum
684 3977 716 4030 et
732 3963 899 4029 mulierum
922 3964 961 4030 ad
980 3985 1108 4028 sorores
1129 3987 1258 4030 necnon
1276 3967 1393 4030 exitum
1416 3961 1584 4028 earundanr

327 4072 386 4115 nec
409 4072 578 4136 possumus
601 4073 660 4116 nec
676 4049 823 4115 volumus
840 4051 1046 4137 equanimiter
1070 4052 1232 4116 sustinere.
1268 4051 1384 4116 Datum
1402 4050 1584 4135 Ratispone.

432 4221 488 4274 Fol.
510 4238 556 4289 155
569 4235 595 4276 v.

932 4376 990 4444 ll8.

433 4499 611 4584 Proviurial
626 4498 787 4564 Hermann
803 4499 977 4564 entsclreidet
994 4499 1049 4564 deu
1068 4498 1158 4564 Streit
1174 4522 1277 4586 coegere
1293 4502 1374 4564 eiua
1389 4501 1456 4564 dem
1470 4500 1590 4566 Bruder

328 4585 472 4652 filbertus
504 4587 625 4674 dapifer
655 4587 760 4652 domas
789 4586 874 4654 Ratis
894 4589 1009 4652 oriensis
1040 4609 1098 4651 aron
1133 4589 1243 4652 reinero
1275 4588 1366 4652 Vater
1398 4587 1590 4653 verarachteu

327 4675 423 4738 Karia
445 4673 549 4752 dahin,
574 4674 655 4828 depr,
679 4674 824 4738 arachderrr
878 4673 950 4738 ’bert
969 4673 1154 4760 vollstcindig
1177 4675 1239 4760 aus
1256 4677 1297 4738 sie
1313 4674 1483 4758 ver‘richtet,
1507 4674 1588 4739 Her-

327 4781 421 4826 mann
443 4763 485 4825 sie
508 4760 574 4825 dem
627 4759 825 4847 egensbrrrger
844 4761 934 4826 Prior
957 4761 1113 4826 iiberweist
1135 4784 1192 4846 zur
1215 4760 1395 4846 Berrutpvng
1417 4761 1499 4826 ihrer
1515 4759 1603 4826 Eia.

325 4846 431 4933 krinfte
447 4849 508 4933 sair·
533 4846 775 4931 Kloslerzweclrr.
816 4848 880 4912 Frir
902 4849 958 4912 das
982 4847 1125 4934 Iarrsnule
1143 4847 1220 4927 Jahr
1241 4847 1340 4912 erlarilt
1362 4870 1419 4930 (aar
1443 4845 1590 4932 Derkrmg
