3822 5592
299 585 321 655 J.
345 588 417 657 1289.
886 587 978 641 Briele.
1503 592 1559 658 123

299 743 365 809 aliis
388 757 492 810 autem
523 757 626 830 parcat
649 745 752 826 Deus,
785 769 846 832 qne
869 746 957 810 vanis
986 745 1248 832 promissionibus
1278 747 1464 834 pauperibus
1497 747 1563 814 illu-

299 842 416 896 serunt.

405 969 460 1023 Fol.
476 985 532 1038 155.
570 970 689 1022 Darhber
702 971 785 1022 steht:
806 971 895 1023 Simile
910 971 979 1023 misit
1000 973 1079 1040 priori
1093 971 1257 1025 Thuricensi.
1290 971 1340 1024 Fr‘rr
1356 972 1429 1024 diese
1443 987 1476 1026 20
1488 972 1562 1024 Mark

300 1057 398 1122 hatten,
418 1057 470 1108 wie
490 1057 545 1109 sich
564 1073 609 1109 aus
630 1057 717 1109 einern
737 1063 843 1126 spatern
863 1057 1007 1110 Schreiben
1029 1057 1076 1110 des
1095 1057 1255 1110 Provinzials
1279 1059 1381 1128 ergiebt
1400 1058 1467 1128 [Fol.
1490 1062 1561 1128 159),

299 1141 340 1195 die
365 1143 471 1196 haseler
495 1143 547 1196 und
566 1143 722 1214 Freiburger
740 1144 932 1198 Dominihaner
957 1146 1013 1197 ihre
1033 1145 1136 1198 Bt'tcher
1160 1145 1322 1216 verpfandet.
1360 1147 1493 1217 Genbgen
1519 1147 1561 1199 die

299 1230 412 1282 Pstinder
430 1248 474 1283 zur
493 1231 623 1301 Dechung
642 1231 688 1284 der
707 1247 741 1283 20
760 1232 833 1284 Marlr
852 1233 937 1298 nicht,
958 1251 988 1286 so
1008 1233 1093 1286 sollen
1113 1234 1154 1286 die
1173 1233 1289 1298 Blacher,
1308 1233 1412 1286 welche
1432 1234 1477 1286 der
1496 1235 1561 1287 Pro-

299 1318 390 1371 vinzial
410 1319 512 1371 seinem
525 1319 713 1385 Verwandten,
734 1319 832 1373 Bruder
845 1321 980 1374 Hermann
1000 1323 1025 1374 in
1039 1321 1218 1387 Schlettstadt,
1238 1322 1410 1391 angeuiesen
1430 1322 1482 1387 hat,
1502 1323 1561 1375 hin-

298 1423 495 1476 augenommen
514 1406 630 1460 werden.
664 1407 727 1459 ll'as
747 1407 858 1460 dartrber
876 1409 969 1461 hinaus
985 1409 1073 1461 crzielt
1093 1409 1167 1476 wird,
1186 1409 1235 1462 soll
1256 1417 1331 1462 unter
1350 1409 1392 1462 die
1405 1410 1560 1463 Geschenlr-

298 1495 380 1564 geber
393 1495 495 1547 verteilt
509 1495 624 1548 werden.
654 1495 748 1548 Dieses
762 1496 794 1548 ist
808 1495 850 1548 die
863 1497 966 1566 einzige
980 1496 1070 1562 Stelle,
1090 1497 1193 1550 welche
1213 1498 1276 1550 siber
1289 1499 1366 1551 einen
1382 1497 1560 1551 Verwandten

299 1583 446 1635 Hermanns
465 1585 500 1636 im
520 1583 795 1636 Dominihanerorden
815 1583 960 1638 Nachricht
979 1586 1060 1654 giebr.

899 1740 965 1810 105.

401 1846 579 1934 Provinzial
595 1845 770 1932 (Hermann
801 1855 902 1913 trdstet
925 1848 972 1913 die
988 1848 1128 1936 Zofinger
1144 1847 1366 1914 Dominikanrr
1389 1845 1452 1912 und
1474 1848 1561 1914 droht

296 1934 351 1998 den
375 1934 569 2020 drdngenden
593 1935 699 2016 Iriden.
774 1935 905 2022 reibrrrg.
953 1934 1079 2026 (1289.)

400 2039 516 2104 Littera
540 2039 767 2120 consolatoria,
791 2063 886 2127 quam
909 2042 1031 2125 scripsit
1055 2063 1113 2127 pro
1142 2039 1285 2106 iratribus
1309 2039 1561 2124 Zouingensibus

296 2125 503 2211 provincialis.
560 2127 604 2191 Ex
639 2127 807 2192 affectione
842 2146 970 2214 paterna
1003 2126 1149 2193 dolorem
1178 2144 1317 2193 vestrum
1346 2149 1437 2191 amor
1469 2149 1560 2192 meus

296 2212 517 2280 obstetricante
534 2237 630 2280 mtmu
653 2213 776 2280 assidue
793 2217 970 2282 comitatur.
1009 2213 1101 2281 Unde
1125 2238 1249 2280 rursum
1266 2213 1356 2280 vobis
1381 2237 1447 2280 non
1465 2212 1561 2280 distu-

296 2301 400 2368 lissem
425 2302 570 2383 scribere,
595 2304 654 2368 nisi
670 2315 847 2390 reputarem
872 2327 924 2368 me
941 2317 999 2391 per¹
1019 2303 1146 2369 fratrem
1163 2303 1346 2382 Chaonem,
1370 2313 1442 2368 ante
1465 2325 1558 2390 quam

296 2401 413 2456 vestras
437 2391 609 2477 reciperem
632 2390 759 2474 litteras,
783 2390 938 2477 corporali
962 2392 1117 2477 presentia
1141 2391 1202 2456 iam
1226 2401 1424 2477 preventum.
1472 2389 1559 2456 Con-

298 2477 455 2544 fortamini
473 2480 504 2543 in
522 2477 667 2558 domino,
691 2477 755 2559 lilii,
780 2481 857 2544 etin
882 2480 1023 2565 potentia
1039 2479 1160 2546 virtutis
1180 2479 1262 2545 eius!
1302 2479 1384 2544 Nam
1409 2477 1560 2543 hactenus

298 2589 363 2631 non
388 2564 524 2632 desernit
547 2578 709 2653 sperantes
732 2567 765 2632 in
788 2591 832 2648 se,
857 2568 1020 2653 quinovit
1045 2567 1075 2632 in
1092 2590 1234 2633 vermem
1259 2565 1430 2631 humanam
1454 2588 1560 2651 super-

297 2651 379 2718 biam
404 2673 611 2720 commutare.
651 2655 790 2721 Necesse
814 2654 880 2735 fuit,
904 2667 938 2721 ut
961 2654 1028 2720 talis
1045 2656 1211 2740 temptatio
1235 2653 1381 2740 probaret
1405 2677 1476 2734 nos,
1501 2677 1560 2740 qua

297 2740 372 2806 foris
395 2765 531 2827 pugnas,
555 2743 637 2807 intus
661 2743 792 2807 timores
816 2744 919 2807 varios
943 2743 1146 2822 sentiremus,
1171 2754 1202 2808 et
1226 2739 1335 2808 Caldei
1354 2753 1417 2806 tres
1441 2757 1560 2806 turmas

298 2841 406 2892 contra
431 2827 589 2913 excrnplar
612 2830 766 2913 pacientie
790 2828 846 2893 Iob
870 2841 1085 2908 consererent,
1109 2831 1149 2893 ita
1173 2839 1207 2893 ut
1232 2846 1341 2892 contra
1365 2851 1424 2891 nos
1447 2825 1560 2905 clerici,

297 2913 374 3000 layci
398 2937 433 2978 ac
456 2913 543 2979 Iudei
567 2938 604 2979 os
628 2938 720 2980 suum
744 2916 831 3002 qnasi
855 2913 905 2979 leo
929 2916 1051 3002 rapiens
1076 2925 1106 2980 et
1136 2915 1263 3000 rugiens
1287 2915 1452 3000 aperirent.
1499 2913 1560 2978 Ista

296 3019 342 3066 cst
370 3012 433 3066 tres
457 2999 574 3067 habens
599 3000 727 3068 ordines
752 3001 899 3068 dencium
928 3003 1106 3068 invisione
1137 3000 1235 3068 bestia
1258 3001 1408 3068 Danielis.
1455 3000 1560 3066 Liceat

296 3089 388 3175 igitur
405 3088 530 3154 oloriari
548 3113 619 3155 cum
637 3089 784 3176 apostolo
797 3089 934 3157 dicente:
952 3092 1212 3157 Persecutionem
1227 3091 1363 3177 patimur
1381 3100 1411 3156 et
1427 3091 1560 3155 sustine-

295 3201 375 3258 mus,
394 3141 614 3243 lilaslemamur
631 3190 662 3243 et
680 3177 947 3244 obsecramus...
969 3179 1085 3245 Levate
1103 3179 1203 3266 capita
1219 3190 1332 3260 vestra,
1350 3200 1444 3264 spero
1463 3178 1559 3257 enim,

294 3264 379 3354 quod
404 3277 505 3332 vestra
528 3264 705 3353 redemptio
734 3265 964 3354 propinquabit.
1013 3266 1127 3334 Videte
1155 3265 1321 3333 ficulneam
1353 3265 1558 3354 apostolicam

294 3353 464 3420 litterarum
493 3353 576 3420 loliis
608 3367 747 3422 nostram
773 3355 994 3422 verecundiam
1026 3375 1246 3442 protegentem
1275 3355 1395 3436 lacteis,
1425 3353 1559 3420 lacrimis

295 3444 522 3528 compassionis
546 3455 653 3508 nostra
670 3443 797 3508 vulnera
821 3455 1079 3531 prosequentem,
1104 3446 1269 3530 oportunis
1295 3454 1437 3508 nostrum
1457 3440 1559 3507 defec-

294 3541 361 3594 tum
393 3529 542 3595 fructibus
573 3544 768 3615 reparantem
799 3543 830 3596 et
859 3554 990 3596 omnem
1020 3529 1165 3596 arborem
1198 3531 1364 3617 plantatam
1397 3532 1427 3594 in
1459 3527 1559 3594 domo

294 3614 426 3698 domini,
451 3629 556 3682 cetum
572 3617 717 3684 videlicet
734 3617 956 3684 venerabilium
979 3617 1184 3684 dominorum
1203 3617 1416 3697 cardinalium,
1442 3618 1558 3682 nostris

293 3728 327 3770 se
358 3705 510 3770 machinis
535 3704 793 3792 impendentem,
827 3717 857 3771 et
887 3705 1048 3772 advertere
1072 3707 1232 3793 poteritis,
1266 3703 1351 3792 quod
1380 3727 1479 3792 prope
1512 3716 1558 3770 est

293 3803 385 3872 estas,
410 3805 443 3859 ut
466 3816 557 3879 yems
582 3805 727 3874 transeat,
752 3793 852 3859 imber
876 3793 964 3860 abeat
981 3807 1011 3860 et
1035 3793 1168 3859 recedat.
1208 3792 1430 3880 indignatione
1447 3791 1558 3878 plenus

292 3903 373 3959 strm,
397 3881 422 3944 si
439 3879 525 3944 ludei
543 3881 574 3945 in
592 3881 691 3946 crucis
715 3880 971 3967 predicatoribus,
997 3905 1057 3968 que
1074 3881 1147 3967 ipsis
1164 3879 1419 3960 scandalumest,
1445 3877 1558 3944 habere

292 3964 408 4032 debent
431 3969 569 4033 ostentui
595 3969 804 4054 ignominiam
830 3967 978 4034 crucifixi.
1025 3970 1102 4035 Non
1127 3992 1164 4034 ex
1189 3967 1251 4033 hoc
1275 3991 1352 4054 ergo
1377 3966 1558 4045 turbemini,

292 4055 317 4118 si
340 4053 432 4119 nobis
456 4055 530 4120 assit
553 4079 568 4120 a
592 4055 696 4121 Iudeis
720 4057 817 4142 passis
841 4055 967 4142 gloriari
992 4057 1022 4120 in
1048 4079 1139 4121 cruce
1164 4054 1286 4120 domini
1310 4055 1403 4120 lhesu
1429 4054 1556 4120 Christi.

293 4141 359 4226 Ego
391 4153 495 4207 autem
527 4144 551 4206 si
583 4144 613 4206 in
644 4145 810 4229 proposito
838 4166 1097 4228 perseveravero,
1127 4141 1284 4228 ptoleram
1315 4140 1419 4207 Iudeis
1448 4151 1557 4206 contra

292 4229 432 4313 ipsorum
457 4227 655 4294 demenciam
673 4230 766 4295 verba
783 4229 856 4296 duo.
897 4231 979 4296 Nam
1005 4231 1111 4316 precio
1128 4230 1299 4314 sanguinis,
1323 4227 1410 4316 quod
1434 4230 1465 4292 in
1489 4251 1558 4292 cor-

292 4313 407 4380 bonam
427 4338 491 4380 non
506 4315 680 4382 debuerunt
697 4319 833 4398 mittere,
850 4318 979 4382 mittunt
995 4319 1026 4381 in
1040 4315 1181 4396 corbem,
1197 4335 1349 4402 spergunt
1365 4339 1421 4402 per
1435 4313 1556 4394 orbem,

284 4401 454 4502 'Christum
479 4427 600 4484 emere,
629 4405 815 4470 christianos
844 4402 980 4468 vendere
1005 4402 1222 4469 decernentes
1270 4403 1391 4470 Valete.
1437 4401 1554 4467 Datum

293 4490 323 4554 in
349 4488 494 4576 Vriburg.

400 4657 406 4686 ¹
427 4649 534 4720 doppelt
554 4668 578 4719 p.
598 4651 649 4704 HS.

398 4807 453 4862 Fol.
476 4809 531 4876 156.
569 4809 617 4861 Ein
631 4808 768 4879 spezielles
783 4809 943 4880 pitpstliches
957 4809 1108 4874 Schreiben,
1128 4807 1175 4861 aul
1185 4808 1303 4862 welches
1317 4809 1397 4878 obige
1411 4806 1558 4874 Wendung

291 4915 321 4950 ru
341 4898 469 4950 betiehen
488 4897 528 4963 ist,
548 4897 628 4949 findet
648 4898 704 4950 sich
724 4898 796 4950 nicht
815 4915 870 4951 vor.
909 4899 949 4950 Da
969 4897 1015 4950 das
1037 4897 1101 4968 lolg.
1121 4897 1265 4949 Schreiben
1285 4914 1349 4949 vom
1368 4896 1441 4949 Febr.
1462 4896 1555 4966 (1289)
