3822 5592
1489 605 1512 676 J.
1534 605 1608 658 uss.

956 814 1003 882 97.

346 1031 358 1110 (
374 907 376 914 l
404 933 644 1112 885Prouiurial
653 934 829 1024 Hermann)
838 935 980 1002 uerbietet
989 937 1045 1001 den
1061 935 1190 1002 Verkehr
1202 938 1256 1001 mit
1268 905 1459 1023 Strassbnrg.
1478 936 1522 1001 W
1519 956 1608 1001 orms.

364 1043 401 1088 12
451 1075 457 1087 .

450 1127 663 1206 Ammoniti0,
688 1149 728 1192 ne
751 1125 860 1193 fratres
880 1124 1042 1192 absolvant
1066 1126 1228 1192 audientes
1245 1126 1349 1192 divina
1372 1127 1404 1190 in
1423 1127 1608 1212 Argentina.

346 1213 431 1292 Quia
458 1214 667 1301 permissione
691 1212 795 1279 divina
818 1231 947 1280 vacante
978 1211 1078 1278 domo
1101 1214 1327 1299 Argentinensi
1357 1212 1448 1279 multi
1471 1235 1527 1298 per
1549 1224 1610 1278 ter-

347 1301 452 1365 minos
469 1299 551 1366 dicte
567 1298 683 1366 domus
700 1298 876 1366 discurrunt
892 1297 1091 1366 absolventes
1109 1301 1413 1381 excommunicatos,
1438 1311 1471 1366 ut
1487 1297 1609 1379 dicitur,

367 1389 398 1453 ui
428 1387 538 1453 missas
568 1389 599 1452 in
624 1389 798 1473 Argentina
825 1409 842 1452 a
871 1385 1010 1475 profanis
1039 1385 1253 1454 sacerdotibus
1281 1385 1482 1467 audiverunt,
1515 1387 1610 1453 inter·

346 1410 464 1540 dictum
482 1471 605 1539 domini
621 1472 714 1560 legati
730 1485 851 1540 temere
866 1473 1021 1540 violantes
1039 1484 1070 1540 et
1086 1473 1142 1539 alia
1159 1495 1220 1560 que
1237 1495 1304 1539 non
1321 1485 1449 1560 oportet
1462 1472 1609 1540 declarari

345 1559 541 1646 presentibus
575 1558 836 1647 superaddentes,
870 1561 1105 1626 universitatem
1141 1579 1279 1627 vestram
1315 1561 1440 1648 requiro
1471 1559 1610 1627 districte

344 1647 516 1734 prohibens
537 1658 569 1714 et
591 1648 772 1734 iniungens,
796 1658 949 1734 quatenus
972 1645 1047 1713 nulli
1071 1645 1200 1714 fratrum
1216 1666 1394 1714 vestrorum
1419 1646 1499 1714 detis
1515 1647 1609 1713 licen·

344 1737 419 1801 tiam
445 1735 604 1822 predictus
627 1735 783 1802 terminos
806 1733 950 1802 visitandi
981 1735 1050 1800 sine
1073 1757 1163 1801 causa
1187 1733 1361 1801 rationabili
1390 1753 1421 1801 et
1445 1733 1608 1802 manifesta

366 1824 495 1888 remissa
519 1821 744 1890 deliberatione
771 1845 844 1888 cnm
867 1845 923 1888 sex
951 1821 1093 1888 fratribus
1122 1835 1338 1889 conventuum
1361 1841 1539 1889 vestrorum
1569 1821 1608 1889 ad

345 1845 407 1975 lioc
431 1921 698 1990 convocatorum,
727 1931 864 2010 quorum
893 1909 1101 1974 conscientias
1129 1911 1162 1974 in
1191 1910 1253 1975 hoc
1277 1931 1393 1990 onero,
1423 1909 1509 1997 quod
1532 1929 1607 1976 tunc

345 1995 474 2062 demum
501 1995 658 2062 licentiam
684 1995 748 2062 dan
772 1995 932 2075 suadeant,
957 2019 1028 2061 cum
1045 2018 1118 2062 vere
1143 1996 1306 2063 utilitatem
1331 2008 1362 2062 et
1387 1997 1606 2063 necessitatem

344 2084 407 2150 boc
435 2095 581 2170 expetere
611 2084 759 2150 noverint
787 2082 977 2151 evidentem.
1032 2081 1106 2149 Illos
1135 2094 1256 2165 autem,
1289 2085 1342 2171 qui
1371 2081 1410 2150 de
1433 2083 1607 2170 Argentinn

345 2172 410 2237 nati
425 2183 508 2251 sunt,
533 2193 663 2251 mone0,
688 2169 774 2259 quod
797 2170 875 2237 locis
898 2171 962 2236 suis
979 2172 1120 2237 contenti
1144 2171 1206 2238 sint
1226 2190 1257 2237 et
1273 2173 1389 2238 civitati
1412 2193 1479 2236 non
1495 2193 1607 2258 appro-

345 2259 498 2345 pinquent
520 2281 579 2324 nec
602 2280 753 2344 personas
777 2269 913 2324 evocent
940 2280 974 2323 ac
998 2280 1015 2322 a
1039 2258 1190 2324 missione
1220 2259 1409 2324 nunciorum
1433 2256 1607 2324 abstineant

344 2344 685 2496 getiamtltttemmm'
710 2367 749 2410 ne
767 2367 818 2410 me
835 2355 980 2430 oporteat
997 2345 1076 2410 circa
1101 2345 1186 2431 ipsos
1203 2343 1285 2410 aliud
1301 2342 1456 2410 ordinare.
1486 2343 1605 2410 Valete.

376 2442 462 2498 atum
533 2431 681 2497 ormacie.

346 2575 358 2582 ι-
371 2575 660 2583 ——-..—---—-.-·---

449 2639 505 2693 Fol.
528 2655 572 2708 151
584 2651 611 2695 v.
649 2630 721 2694 Uber
739 2639 781 2694 die
800 2639 979 2710 Strassburger
998 2639 1179 2694 Verltliltnisse
1199 2639 1252 2710 vgl.
1272 2640 1431 2710 Einleitung.

955 2848 1005 2916 98.

448 2969 627 3056 Provinzinl
650 2967 839 3059 (Hermann)
862 2969 1039 3058 beazrstrngt
1065 2947 1223 3037 Gerrormte
1246 2973 1277 3036 in
1300 2971 1353 3037 der
1376 2970 1517 3058 Zufinger
1531 2949 1606 3038 ¹Au-

341 3057 534 3144 gelegenheit.
582 3056 721 3123 Kolmar.
768 3053 894 3147 (1288.)

449 3162 545 3229 Fratri
570 3163 699 3229 Ctlnoni
722 3159 761 3229 de
785 3159 961 3249 Ygesdors,
985 3161 1153 3229 lectoribus
1177 3161 1336 3229 basiliensi
1361 3175 1392 3231 et
1415 3163 1606 3230 Zoutnrensl

343 3248 551 3335 provincialis.
598 3249 683 3329 Quia
707 3261 875 3316 strennuus
898 3251 945 3316 vir
969 3262 999 3317 et
1023 3249 1175 3316 honestus
1200 3249 1349 3317 dominus
1373 3251 1417 3316 M.
1442 3251 1481 3318 de
1503 3186 1607 3318 fletui

344 3336 444 3417 miles,
468 3337 587 3403 amicus
603 3335 723 3402 ordinis
739 3336 890 3424 specialis,
912 3360 964 3403 me
980 3338 1104 3424 rogavit
1120 3339 1281 3418 instanter,
1306 3350 1339 3404 ut
1354 3337 1393 3404 ad
1409 3337 1605 3406 tractandum

345 3423 383 3490 de
407 3447 483 3524 pace
507 3443 537 3489 et
554 3423 725 3490 concordia
749 3447 821 3490 cum
845 3426 1007 3512 preposito
1025 3436 1056 3491 et
1079 3425 1239 3490 canonicis
1256 3424 1508 3512 Zouingensibus
1532 3448 1608 3492 con-

344 3533 485 3578 venirem
510 3511 541 3576 in
558 3509 722 3591 Basileam,
747 3510 785 3577 de
809 3509 999 3578 discretione
1017 3531 1119 3578 vestra
1143 3509 1292 3592 confisus,
1317 3535 1388 3578 cum
1413 3513 1473 3578 sim
1493 3514 1524 3578 in
1542 3513 1608 3578 aliis

344 3609 525 3684 occupatus,
549 3597 639 3664 vobis
656 3599 800 3685 iniungo,
824 3600 968 3685 quatinus
989 3599 1020 3664 in
1038 3609 1169 3666 tractatu
1207 3598 1328 3664 redicto
1344 3621 1454 3685 gerere
1471 3598 1608 3667 debeatis

344 3683 480 3770 plenarie
505 3685 589 3750 vices
613 3705 709 3749 meas.
757 3683 876 3752 Valete.
924 3685 1041 3750 Datum
1067 3621 1280 3750 Columbarie.

449 3871 505 3926 Fol.
528 3887 583 3939 ¹52·

953 4012 1001 4079 99.

449 4132 626 4218 Ρνονὶηζίαὶ
642 4130 833 4222 (Herlitana)
850 4133 967 4220 befiehlt
983 4137 1045 4222 arif
1061 4136 1108 4200 dic
1125 4135 1224 4222 Klage
1240 4137 1290 4201 des
1313 4136 1476 4202 rdrrtischen
1494 4138 1607 4289 Kdnp'ps

342 4220 398 4284 deu
426 4217 678 4286 Ordensbriidern
700 4243 739 4305 (a
763 4219 844 4286 Bcrn
867 4219 922 4286 das
943 4244 1012 4286 vom
1036 4221 1175 4310 Birthose
1198 4246 1255 4289 von
1278 4223 1442 4289 Lousonna
1464 4222 1537 4290 tiber
1581 4249 1608 4290 re

345 4307 433 4373 stadt
455 4307 621 4394 verhdngte
637 4305 783 4373 Interdikt
805 4331 843 4393 za
867 4307 1044 4374 beobaclrtcn
1067 4309 1131 4374 aad
1153 4313 1284 4376 erinncrt
1306 4313 1348 4376 sie
1364 4333 1404 4376 an
1428 4310 1478 4376 des
1494 4311 1608 4398 Kdnigs

347 4395 516 4460 Verdicnste
539 4418 589 4460 arn
613 4395 670 4460 den
697 4392 812 4460 Ordcn.
859 4395 997 4462 Kolrnar.
1044 4393 1064 4484 (
1062 4397 1171 4487 1288.)

447 4499 548 4566 Priori
579 4511 610 4566 et
641 4498 784 4567 iratribus
815 4500 1024 4568 bernensibus
1058 4502 1265 4588 provincialis.
1320 4502 1493 4584 Querelam
1525 4527 1608 4570 sere-

342 4589 464 4653 nissimi
488 4586 611 4653 domini
634 4589 716 4675 regis
742 4589 959 4656 Romanorum
984 4612 1113 4676 gravem
1139 4593 1244 4678 accepi
1267 4613 1305 4657 ex
1330 4613 1385 4673 e0,
1412 4591 1510 4680 quod,
1534 4615 1606 4658 cum

342 4673 491 4741 dominus
522 4675 753 4742 Lausannensis
786 4677 952 4764 episcopus
982 4678 1141 4744 civitatem
1172 4679 1366 4745 Beruensem
1395 4679 1606 4748 ecclesiastico

341 4761 542 4851 subposuerit
574 4761 753 4846 interdicto,
783 4763 894 4832 volens
926 4761 1173 4832 iurisdictionem
1206 4765 1414 4853 temporalem
1448 4767 1607 4855 spirituali,

341 4851 421 4917 sicut
438 4849 554 4930 debuit,
578 4849 733 4931 adiuvare,
758 4874 816 4917 vos
833 4850 863 4916 id
885 4864 1006 4918 temere
1023 4875 1094 4918 cnm
1111 4852 1266 4938 religiosis
1282 4853 1469 4940 quibusdam
1484 4855 1607 4923 violatis
