3822 5592
350 586 408 632 122
928 580 1022 636 Briefe.
1487 581 1509 651 J.
1533 582 1607 635 1288.

314 759 316 762 ·
344 737 631 826 Berrickst‘chtigung
658 739 711 804 der
739 738 940 804 Verhciltnisse
969 737 1117 803 eastwedcr
1148 738 1196 802 die
1222 738 1318 803 Wohl
1340 739 1475 820 Jobonns
1496 763 1535 825 ru
1558 740 1606 805 be-

343 827 472 913 sttitt'gen
487 826 558 892 oder
572 828 615 891 sie
637 825 702 891 tend
718 826 766 891 dic
786 825 882 892 Walrl
920 849 946 891 r.
965 825 1086 891 Ulrichs
1107 847 1166 890 von
1187 811 1370 913 chrlingen
1387 823 1609 914 (consequenter

345 916 431 980 iuxta
454 912 605 980 indultum
607 913 782 1066 ¹privilegii
795 827 966 1066 saffra
988 911 1137 978 kussieren
1160 912 1225 978 und
1246 914 1310 978 eine
1331 912 1489 980 Neuwohl
1511 935 1607 1000 anzu-

344 1001 466 1067 ordncn.
500 1001 592 1067 Einer
634 1002 751 1088 rtisung
773 1001 824 1066 des
885 999 1054 1067 ahldelrrets
1077 998 1202 1088 bcdctrfr
1225 1021 1254 1064 es
1269 999 1361 1080 nicht,
1385 1001 1462 1066 donn
1480 1025 1512 1067 cr
1534 1001 1610 1067 habe

345 1111 374 1154 es
394 1088 518 1176 geschot
541 1088 606 1154 arud
625 1088 727 1175 gultig
750 1087 909 1176 offrrnden.
957 1086 1095 1153 Kolmar.
1143 1083 1269 1176 (1288.)

450 1329 506 1384 Fol.
528 1341 603 1398 153*-

947 1517 1006 1584 llll.

450 1676 628 1762 Proviurt'ol
651 1677 812 1741 Hermann
834 1674 910 1763 trifft
926 1676 1171 1762 Bestimmungen
1193 1675 1266 1740 iiber
1289 1676 1344 1741 dos
1360 1675 1537 1763 Depositum
1560 1676 1610 1741 des

346 1765 507 1852 Apostoten
531 1763 670 1830 Dietrich
692 1785 751 1828 von
777 1762 942 1829 Stentheirn.
990 1763 1128 1829 Kolmur.
1177 1766 1261 1847 1289
1285 1763 1407 1845 Ianuar
1430 1783 1482 1828 20.

451 1886 621 1954 Ordinatio
651 1884 751 1952 fratris
781 1886 955 1951 Hermanni
989 1885 1187 1972 provincialis
1217 1884 1347 1951 fratrum
1370 1885 1607 1952 predicatorum

345 1997 400 2060 per
430 1973 669 2040 Theutboniam
701 1972 740 2038 de
775 1973 913 2060 quodam
945 1973 1092 2059 deposito
1124 1972 1286 2040 cuiusdam
1322 1971 1423 2038 fratris
1455 1983 1607 2059 apostate,

345 2059 432 2149 quod
454 2059 512 2127 fuit
535 2060 616 2148 apud
639 2082 766 2126 sorores
789 2071 913 2126 nostras
936 2061 969 2124 in
986 2059 1197 2126 Columbaria.
1232 2059 1435 2126 Provincialis
1459 2058 1608 2126 omnibus

345 2170 474 2234 presens
506 2149 656 2234 scriptum
687 2148 798 2213 visuris
830 2146 963 2212 salutem
996 2159 1054 2212 etc.
1112 2146 1235 2213 Notum
1270 2169 1339 2212 esse
1371 2148 1480 2232 cupi0,
1520 2145 1608 2246 quod

344 2233 504 2299 residuum
529 2234 661 2320 pecunie
678 2232 840 2320 quondam
862 2231 962 2298 fratris
978 2232 1170 2298 Theoderici
1194 2233 1233 2298 de
1249 2233 1427 2318 Suntbeim,
1451 2256 1511 2320 que
1535 2255 1605 2318 ipso

300 2336 303 2349 ’
344 2319 513 2386 recedente
548 2319 586 2386 ab
618 2317 730 2385 ordine
760 2331 953 2386 remanserat
983 2318 1039 2384 sub
1072 2317 1180 2384 colore
1209 2317 1345 2405 depositi
1372 2317 1453 2405 apud
1481 2341 1609 2384 sorores

345 2419 468 2474 nostras
497 2409 529 2473 in
558 2405 774 2492 Columbaria,
806 2429 846 2472 eo
876 2405 962 2494 quod
991 2405 1072 2472 dicta
1100 2407 1231 2494 pecunia
1260 2408 1291 2471 in
1321 2429 1425 2471 meam
1450 2405 1608 2494 dispensa-

343 2496 466 2561 tionem
496 2495 672 2576 recidisset,
701 2492 860 2581 disposui¹
891 2517 946 2581 per
975 2493 1057 2560 hunc
1085 2493 1257 2560 modum:²
1284 2494 1345 2560 Sex
1373 2516 1504 2574 marcas,
1532 2516 1609 2580 quas

345 2595 458 2649 mutuo
482 2602 667 2670 acceperant
690 2583 775 2668 prior
799 2594 830 2648 et
853 2580 961 2648 fratres
986 2593 1163 2648 conventus
1185 2581 1455 2648 Columbariensis
1478 2579 1515 2646 ab
1539 2581 1608 2667 ipso

343 2669 597 2758 Th(eoderico)‚
613 2670 730 2751 remisi,
752 2667 863 2756 quibus
882 2669 942 2735 Vll
960 2692 1079 2734 marcas
1098 2669 1286 2756 supperaddi
1307 2668 1347 2735 de
1369 2671 1430 2734 iam
1450 2667 1535 2734 dicto
1557 2666 1610 2734 de-

344 2759 450 2846 posito
467 2759 642 2844 procuravi,
660 2779 778 2822 novem
796 2779 915 2822 marcas
935 2757 1115 2823 utilitatibus
1132 2771 1241 2822 nostre
1263 2757 1426 2843 provincie
1442 2756 1608 2841 assignavi,

344 2843 425 2910 duos
444 2867 564 2910 marcas
582 2843 715 2929 expendi
739 2845 770 2908 in
795 2843 988 2908 solutionem
1015 2865 1138 2924 eorum,
1163 2867 1224 2930 que
1249 2845 1383 2908 scienter
1400 2855 1607 2919 contraxerat,

345 2928 551 3010 debitorum‚³
574 2929 685 2996 decem
704 2929 815 3016 reliqui
836 2929 998 2994 sororibus
1015 2931 1211 3010 memoratis,
1235 2947 1399 3016 quatenus,
1422 2930 1448 2993 si
1471 2927 1608 3014 prelatus

344 3015 600 3105 Th(eodericus)
631 3018 679 3082 sui
703 3018 848 3082 misertus
876 3015 991 3082 rediret
1018 3016 1057 3083 ad
1088 3015 1251 3096 ordinem,
1284 3013 1342 3081 sibi
1370 3013 1409 3080 de
1432 3017 1546 3081 vestitu
1577 3037 1607 3080 er

344 3116 418 3190 post
441 3106 507 3170 eius
530 3105 737 3191 penitentiam
754 3102 793 3169 de
817 3125 890 3168 com
915 3104 1012 3170 etenti
1035 3103 1189 3170 breviario
1206 3103 1418 3190 providerent.
1454 3101 1486 3168 Si
1502 3114 1607 3168 autem

344 3191 473 3258 ulterius
489 3193 521 3257 in
545 3191 652 3258 seculo
669 3202 855 3270 moraretur,
879 3126 994 3258 elictam
1011 3193 1177 3278 pecuniam
1193 3213 1251 3278 pro
1267 3189 1412 3257 remedio
1431 3190 1606 3256 animatum

345 3293 510 3366 parentum
534 3301 665 3344 suorum
689 3278 871 3365 simpliciter
895 3281 1076 3346 retinerent.
1123 3280 1244 3345 Verum
1268 3281 1293 3344 si
1317 3300 1444 3344 sorores
1467 3275 1607 3364 predicte

344 3379 474 3454 propter
485 3368 738 3453 resignacionem
752 3386 783 3432 et
796 3369 1063 3453 presentationem
1077 3377 1254 3432 memorate
1267 3367 1400 3453 pecunie
1412 3364 1525 3432 factam
1536 3387 1609 3452 pro-

344 3455 446 3520 vincie
471 3467 502 3520 et
524 3453 666 3520 fratribus
691 3455 862 3519 nostrin-atis
878 3453 915 3519 ali
941 3454 1005 3519 uod
1028 3477 1197 3539 gravamen
1219 3453 1257 3518 ab
1281 3455 1349 3540 ipso
1366 3451 1607 3540 Th(eoderico)

346 3542 542 3620 incurrerint,
573 3542 660 3640 prior
694 3553 724 3606 et
747 3539 855 3605 fratres
880 3478 1156 3607 Crilrrtnbarienses
1185 3562 1311 3605 necnon
1342 3539 1449 3606 fratres
1480 3546 1608 3605 uostre⁴

345 3627 507 3712 provincie
524 3627 598 3711 ipsas
621 3625 811 3691 tenebuntur
827 3623 946 3706 adesse,
972 3649 1095 3692 causam
1112 3629 1248 3712 ipsarum
1273 3638 1433 3713 tamquam
1450 3627 1607 3713 propriam

345 3711 513 3778 defensuri.
554 3713 644 3778 Hanc
660 3711 895 3778 ordinationem
920 3711 1029 3778 fratres
1046 3725 1076 3779 et
1100 3735 1227 3778 sorores
1243 3711 1391 3778 antedicti
1407 3710 1609 3777 laudaverunt

345 3811 376 3865 et
399 3811 639 3885 acceptaverunt
657 3811 826 3885 gratanter,
851 3801 1071 3866 renunciantes
1088 3801 1178 3865 omni
1201 3801 1358 3886 petitioni,
1382 3801 1408 3864 si
1425 3822 1484 3887 qua
1509 3800 1553 3864 eis
1570 3797 1609 3864 de

346 3883 462 3972 prelata
485 3888 619 3972 pecunia
635 3906 817 3973 competere
840 3884 1013 3967 videbatur,
1037 3887 1136 3973 sigilla
1159 3910 1213 3952 sua
1237 3910 1388 3953 unacum
1412 3898 1523 3952 nostro
1540 3908 1609 3971 pre-

344 3973 485 4039 sentibus
501 3985 707 4060 apponentes.
742 3973 813 4040 Nos
829 3975 914 4060 prior
939 3986 970 4040 et
993 3973 1102 4040 fratres
1119 3997 1241 4061 nosque
1264 3975 1410 4061 priorissa
1427 3986 1458 4040 et
1481 3996 1608 4039 sorores

345 4058 496 4146 sepedicti
520 4060 618 4147 sigilla
641 4073 750 4127 nostra
772 4060 968 4147 presentibus
985 4061 1131 4127 duximus
1154 4060 1343 4147 apponenda
1365 4063 1398 4127 in
1422 4063 1466 4126 rei
1483 4063 1609 4126 certitu-

345 4146 451 4212 dinem
487 4147 685 4234 ampliorem.
740 4149 857 4213 Actum
893 4147 1106 4228 Columbarie,
1140 4170 1226 4213 anno
1268 4147 1389 4214 domini
1426 4148 1485 4213 ΜΟ.
1525 4147 1607 4213 C0c.

345 4232 555 4315 CXXXI⁰X.,
578 4234 645 4300 IllI.
662 4233 737 4300 feria
760 4235 903 4320 proxima
927 4255 999 4300 ante
1022 4233 1137 4301 festum
1161 4232 1251 4299 beate
1267 4236 1400 4319 Agnetis
1424 4235 1553 4319 virginis
1577 4245 1609 4298 et

345 4321 492 4387 rnartiris.

1216 4433 1226 4459 Ο

350 4481 438 4487 ...κ-.-υ
448 4481 482 4486 ...,.
492 4481 544 4486 u...
553 4481 658 4488 ..——-·-·

451 4564 541 4624 ¹Qua
565 4572 654 4616 tamen
678 4580 733 4616 non
758 4565 854 4616 abusus
878 4574 918 4616 set
943 4573 1032 4616 motus
1058 4565 1154 4633 pietate
1181 4565 1247 4633 geht
1266 4565 1375 4628 vorlrer;
1401 4565 1608 4618 durchstriclteu.

345 4641 355 4670 a
376 4633 477 4686 Vorher
496 4634 578 4703 princi
598 4633 672 4686 aliter
685 4633 892 4686 durchstrichen.
960 4633 1049 4686 ⁸Von
1064 4633 1130 4685 duos
1149 4651 1182 4685 an
1201 4651 1244 4686 arn
1259 4633 1358 4686 Raude.
1426 4634 1575 4704 *Urspn'm
1598 4665 1607 4672 -

343 4703 396 4756 lich
419 4719 465 4773 per
488 4720 516 4755 se
542 4651 595 4756 vel
610 4719 656 4773 per
679 4702 744 4755 alios
768 4702 863 4754 deinde
887 4701 979 4755 fratres
1005 4703 1140 4772 sepedicte
1168 4704 1311 4772 provincie.
1357 4703 1392 4755 Es
1421 4703 1489 4773 lolgt
1513 4652 1608 4756 durcl-

344 4773 471 4826 strichen:
492 4774 608 4843 proviso,
620 4772 699 4843 ¹quod
717 4773 750 4824 de
768 4772 868 4824 duabus
887 4773 982 4824 marcis
1001 4773 1105 4843 reliquis
1119 4772 1155 4824 Vl
1176 4773 1240 4825 libre
1257 4772 1396 4825 Hallenses
1416 4773 1487 4827 fratri
1502 4771 1608 4827 Cilnoui

343 4843 376 4895 de
395 4842 541 4912 l’gesdorl,
566 4859 629 4913 quas
653 4842 724 4895 dicto
749 4841 819 4894 lratri
845 4841 896 4894 Tb.
923 4852 1099 4907 mutuaverat,
1126 4843 1316 4911 persolvantur.
1361 4843 1396 4896 Es
1420 4843 1512 4913 folgen
1538 4844 1608 4896 noclr
