3822 5592
315 615 338 686 J.
361 613 436 684 1276.
903 613 999 668 Briefe.
1526 615 1583 682 103
1676 595 1678 602 ¹

316 773 542 859 propensiore,
572 771 727 856 stringere
750 772 891 837 tenacius
914 771 1038 857 glutino
1062 769 1209 853 fortiore,
1239 793 1321 859 quos
1343 771 1406 837 Dei
1429 783 1586 838 noverant

317 856 514 925 domesticos
547 867 578 923 et
609 857 746 937 amicos,
785 879 845 924 nec
877 858 935 923 ista
969 856 1008 924 ad
1040 857 1253 944 insipientiam
1284 855 1352 924 sibi.
1407 857 1492 924 Nam
1527 854 1585 923 sub

304 957 478 1026 ¹tantorum
494 953 619 1032 patrum
635 941 784 1031 presidio,
807 942 956 1026 sollertia,
979 944 1157 1031 patrocinio
1175 955 1206 1011 et
1220 941 1317 1011 tutela
1332 944 1365 1009 in
1381 942 1444 1010 fide
1460 942 1585 1010 stabiles

317 1044 349 1099 et
371 1033 404 1098 in
420 1053 517 1119 opere
541 1029 684 1098 efficaces
705 1029 919 1118 dirigebantur
942 1031 981 1098 ad
1004 1029 1157 1114 salutaria,
1180 1030 1417 1099 retrahebantur
1439 1053 1457 1096 a
1481 1031 1585 1097 noxiis

317 1131 349 1186 et
376 1121 426 1221 pie
450 1119 706 1186 conversacionis
734 1130 943 1206 augmentum
967 1129 998 1185 et
1027 1119 1216 1186 continuum
1244 1116 1349 1184 divine
1377 1117 1585 1205 protectionis

317 1207 465 1273 auxilium
488 1217 691 1272 meruerunt.
728 1207 771 1272 At
795 1217 830 1272 ut
853 1216 980 1273 constet
1008 1203 1173 1273 immobile
1197 1203 1335 1272 duorum
1364 1203 1512 1293 exemplo
1535 1203 1586 1271 vel

316 1296 412 1362 trium
448 1295 577 1362 testium
612 1293 744 1360 verbum
775 1291 875 1362 istud:
909 1316 983 1361 ecce
1016 1291 1055 1360 ad
1088 1292 1197 1361 tubam
1246 1291 1443 1381 ropheticam
1471 1289 1585 1373 David,

317 1383 370 1472 qui
399 1384 432 1450 in
462 1403 537 1449 saxo
565 1379 662 1449 funde
692 1380 910 1449 humiliaverat
945 1379 1174 1449 exaltationem
1203 1316 1313 1462 dolie,
1347 1399 1516 1470 postquam
1545 1378 1585 1446 de

317 1469 440 1537 ovicula
462 1469 606 1557 pauperis
622 1468 710 1536 cibos
733 1480 895 1556 paraverat
910 1467 1129 1558 pe(re)grino,
1154 1477 1365 1556 compunctus
1389 1478 1420 1534 et
1440 1467 1586 1619 perterri-

245 1567 251 1580 '
316 1569 366 1624 tus
389 1554 618 1644 paradigmate,
641 1556 787 1644 peccavi,
817 1557 933 1644 inquit,
963 1567 995 1622 et
1016 1568 1182 1643 peccatum
1212 1553 1330 1622 audivit
1356 1564 1543 1620 transetum
1569 1575 1586 1619 a

317 1642 406 1730 culpa
426 1640 465 1709 ad
479 1643 616 1723 veniam,
640 1641 679 1708 ad
695 1643 933 1729 ignoscenciam
949 1666 987 1708 ex
1010 1661 1108 1710 reatu.
1143 1643 1240 1710 Ozias
1264 1642 1296 1707 in
1313 1639 1423 1708 diebus
1439 1639 1586 1707 Zacharie
1667 1664 1670 1669 ·

317 1728 451 1796 videntis
474 1730 636 1830 requisivit
655 1728 824 1796 dominum
848 1745 879 1797 et
902 1752 1022 1795 nomen
1048 1731 1116 1797 eius
1139 1745 1269 1817 propter
1292 1727 1415 1794 crebras
1438 1727 1586 1794 victorias

316 1840 415 1905 usque
444 1815 484 1882 ad
506 1817 609 1903 hgipti
639 1816 805 1883 introitum
834 1816 1027 1902 vulgabatur.
1073 1816 1128 1883 Ille
1157 1838 1299 1904 quoque,
1330 1815 1383 1903 qui
1406 1813 1525 1881 florens
1552 1815 1585 1880 in

316 1903 435 1991 palacio
463 1926 522 1968 suo
552 1920 582 1969 et
606 1904 729 1990 quietus
758 1903 789 1968 in
820 1901 921 1970 domo
950 1925 1006 1969 sua
1035 1927 1141 1971 rerum
1169 1925 1328 1968 summam
1353 1913 1385 1968 et
1411 1923 1586 1988 regnorum

316 1991 417 2057 tenuit
440 1989 674 2070 monarchiam,
704 1987 743 2055 ad
767 1989 929 2056 oraculum
953 1989 1096 2057 Danielis
1120 1993 1247 2077 peccata
1269 2011 1324 2054 sua
1348 1987 1531 2054 elemosinis
1555 2005 1586 2052 et

316 2077 495 2166 iniquitates
507 2099 577 2142 suas
592 2075 816 2143 misericordiis
828 2099 1002 2164 pauperum
1019 2073 1203 2144 redimebat.
1228 2077 1337 2156 Quare
1353 2076 1415 2141 iam
1429 2072 1586 2142 veteribus

316 2165 434 2231 utimur
457 2165 549 2230 novis
566 2162 880 2251 supervenientibus?
915 2163 981 2230 Cur
997 2187 1064 2231 non
1080 2164 1203 2252 pocius,
1227 2161 1314 2253 quod
1336 2185 1399 2228 una
1422 2159 1496 2244 fide,
1519 2184 1586 2227 uno

317 2253 423 2340 spiritu
455 2249 512 2318 sub
542 2250 710 2340 complexu
741 2252 834 2319 unius
863 2250 973 2340 lapidis
1003 2251 1160 2340 angularis
1189 2261 1276 2318 vates
1307 2260 1527 2317 convenerunt
1556 2265 1586 2316 ¹et

316 2341 473 2429 principes
497 2337 694 2428 profitemur.
734 2339 837 2422 Multi,
861 2341 902 2407 ait
924 2341 1049 2423 veritas,
1072 2363 1165 2429 reges
1185 2350 1216 2408 et
1239 2337 1394 2428 prophete
1417 2336 1587 2405 voluerunt

318 2427 434 2511 videre,
458 2451 520 2517 que
535 2425 659 2511 videtis,
683 2441 715 2496 et
730 2427 848 2511 audire,
872 2451 932 2517 que
949 2427 1072 2511 auditis,
1095 2439 1256 2516 tarnquam
1273 2427 1306 2493 in
1329 2436 1493 2493 auctorem
1512 2423 1586 2492 fidei

319 2529 350 2584 et
366 2527 662 2584 consummatorem
677 2516 806 2584 lhesum
829 2527 917 2584 totos
941 2541 1010 2584 sese
1027 2514 1268 2604 disciplinabiles
1291 2512 1491 2668 spiritualiter
1510 2535 1587 2579 con·

319 2616 486 2672 vertentes.
532 2605 604 2671 Nos
635 2605 730 2692 igitur
756 2625 869 2692 regum
898 2628 1112 2688 successores,
1140 2627 1200 2670 vos
1230 2625 1310 2690 prop
1336 2621 1457 2668 etarum
1486 2601 1588 2667 imita-

319 2697 431 2776 tores‚¹
455 2715 515 2758 nos
539 2693 739 2780 regnantium
764 2691 943 2774 domestici,
966 2716 1025 2760 vos
1048 2692 1105 2759 sub
1129 2690 1235 2758 celesti
1281 2687 1392 2756 oliceia
1415 2689 1498 2755 cives
1515 2687 1586 2770 Dei,

320 2803 380 2845 nos
404 2779 504 2845 homo
529 2791 620 2846 natus
651 2777 690 2846 ad
712 2779 869 2861 laborem,
900 2803 959 2845 vos
982 2775 1047 2846 avis
1071 2777 1219 2845 subvecta
1242 2712 1358 2843 alarum
1383 2775 1520 2862 remigio
1548 2771 1587 2840 ad

318 2863 502 2945 volandum,
526 2887 585 2931 vos
601 2888 711 2931 semen
728 2866 861 2947 bonum,
886 2864 972 2953 quod
989 2867 1021 2932 in
1037 2877 1154 2931 terrant
1170 2861 1284 2930 cecidit
1300 2861 1465 2942 obtimam,
1485 2859 1587 2926 fructu

318 2949 482 3038 multiplici
509 2950 707 3033 redimitum,
736 2974 796 3019 nos
820 2975 948 3033 semen,
976 2949 1063 3040 quod
1087 2975 1125 3016 ex
1153 2948 1452 3016 amministrationis
1475 2945 1589 3013 sollici·

317 3035 427 3104 tudine
458 3039 599 3139 positum
639 3039 721 3105 inter
752 3040 858 3105 sinas
890 3037 939 3106 vel
974 3037 1062 3127 quod
1096 3039 1181 3104 iuxta
1219 3037 1302 3105 viam
1336 3035 1588 3102 commeantium

318 3125 492 3214 frequentia
516 3124 721 3212 perlocatur.²
765 3061 904 3193 lroinde
928 3125 1085 3215 adquam
1110 3124 1221 3192 dilecta
1248 3121 1445 3192 tabernacula
1468 3120 1588 3190 ordinis

317 3213 412 3279 vestri
445 3213 477 3278 in
508 3211 753 3280 absconsionem
788 3233 818 3281 et
849 3215 1048 3282 sanctitatem
1079 3212 1219 3280 fidelium
1253 3209 1290 3278 ab
1323 3221 1391 3278 estu
1425 3221 1456 3278 et
1485 3209 1589 3298 pluvia

317 3313 479 3389 preparata
502 3321 534 3368 et
556 3302 708 3384 tentoria,
737 3325 798 3390 que
823 3301 890 3370 fixit
913 3300 1079 3384 dominus,
1107 3311 1330 3390 properantes,
1358 3297 1587 3387 benignitatem

317 3400 454 3456 vestram
472 3386 645 3470 desideriis,
669 3389 781 3477 quibus
807 3411 988 3476 possumus,
1014 3412 1193 3472 exoramus,
1217 3399 1371 3476 quatenus
1395 3389 1478 3454 inter
1498 3383 1590 3454 obse-

319 3477 490 3557 crationes,
524 3477 700 3557 orationes,
738 3475 989 3562 postulaciones,
1021 3477 1196 3563 graciarum
1232 3476 1389 3556 actiones,
1421 3497 1497 3563 quas
1529 3496 1588 3624 pro

319 3561 482 3643 omnibus,
511 3565 563 3650 qui
587 3564 620 3628 in
643 3562 833 3629 sublimitate
860 3565 955 3650 positi
978 3581 1066 3644 sunt,
1094 3561 1180 3629 iubet
1208 3561 1276 3628 fieri
1306 3584 1441 3648 magnus
1464 3561 1528 3626 Pau
1542 3581 1588 3640 us,

319 3649 421 3714 nostri
452 3671 614 3715 memores
645 3667 675 3715 et
708 3649 815 3716 inclite
850 3651 1008 3716 consortis
1038 3660 1147 3716 nostre
1179 3651 1274 3715 Anne
1308 3671 1437 3714 necnon
1466 3647 1590 3712 karissi-

318 3758 445 3801 morum
473 3734 644 3802 liberorum
668 3751 853 3802 nostrorum
877 3759 945 3802 non
973 3738 1183 3803 immemores
1207 3733 1361 3816 existatis,
1389 3751 1423 3801 ut
1447 3731 1486 3800 ad
1508 3733 1589 3800 veri-

316 3823 386 3888 tatis
410 3823 614 3909 agnicionem
638 3824 780 3910 promoti
802 3822 1001 3912 tranquillam
1026 3835 1057 3890 et
1080 3824 1220 3912 quietam
1243 3822 1340 3889 vitam
1365 3844 1438 3888 cum
1461 3821 1588 3909 pietate,

316 3933 378 3998 que
401 3921 515 3977 tronos
542 3909 686 3994 roborat,
715 3911 936 3998 transigamus.
982 3909 1033 3978 Ad
1064 3909 1127 3978 hoc
1155 3907 1373 3978 venerandum
1397 3919 1429 3976 et
1455 3905 1589 3976 sublime
1672 3973 1675 3982 ,

317 3996 456 4065 crucifixi
480 3999 668 4086 negocium,
700 4000 788 4066 cuius
812 3999 938 4087 signum
964 4023 1037 4066 cum
1061 3998 1168 4067 multis
1191 3998 1266 4066 viris
1290 3995 1467 4085 magnificis
1496 3993 1588 4062 nobis

316 4087 545 4189 assumpsimus
561 4086 619 4154 sub
642 4086 758 4155 florido
774 4088 929 4156 Nazareni
952 4086 1044 4154 titulo
1087 4086 1247 4170 loriantes,
1271 4084 1383 4153 habeat
1405 4083 1462 4152 sibi
1485 4095 1589 4152 vestra

317 4173 452 4242 devocto
470 4175 743 4257 commendatum,
760 4186 915 4265 quatenus
930 4175 1058 4243 victrice
1102 4177 1131 4242 ei
1147 4174 1274 4243 dextera
1289 4175 1438 4242 virtutem
1454 4171 1588 4239 iaciente

318 4273 348 4328 et
376 4261 564 4329 mirabilium
595 4285 726 4330 suorum
754 4264 944 4330 memoriam
978 4273 1154 4330 renovante
1184 4262 1299 4330 fastum
1331 4261 1529 4362 Egiptiacum
1558 4269 1589 4325 et

319 4348 473 4416 feritatem
498 4349 660 4417 barbaram
677 4349 902 4418 conculcemus
927 4363 958 4418 et
982 4352 1121 4439 purgatis
1145 4346 1461 4418 abhominacionrbus
1475 4357 1589 4435 gentes

318 4435 453 4502 revelata
482 4435 560 4503 facie
589 4435 663 4504 fidei
691 4436 824 4525 gloriam
854 4437 1072 4526 speculentur,
1106 4438 1145 4505 ad
1168 4437 1276 4504 matris
1306 4436 1464 4524 gremium
1489 4453 1520 4502 et
1549 4431 1588 4499 ad

320 4523 453 4624 pastoris
476 4523 560 4590 ovile
584 4523 623 4590 de
646 4523 710 4611 lupi
733 4523 874 4591 faucibus
897 4523 1087 4592 reducendo.
1134 4525 1267 4612 Semper
1293 4522 1374 4590 bene
1397 4520 1497 4589 valeat
1520 4521 1590 4587 uni-

319 4621 448 4676 versitas
470 4622 583 4677 vestra.
931 4617 933 4622 '

428 4757 435 4786 ¹
455 4721 592 4803 initatotes
611 4721 662 4804 llS.
736 4751 918 4822 ’prefocatur
937 4751 988 4804 HS.

323 4957 447 5010 Daselbst
457 4959 489 5011 ist
499 4957 545 5010 das
554 4957 698 5011 Schreiben
707 4958 833 5012 Heinrich
844 4959 1051 5026 vouKarnthen,
1065 4957 1156 5026 lionig
1165 4974 1219 5010 von
1228 4957 1358 5022 Bohmen
1372 4955 1590 5027 zugeschrieben,
1674 4960 1677 4965 '
