3822 5592
367 651 427 698 100
680 653 689 687 π
947 642 1042 698 Briefe.
1345 705 1347 710 ¹
1509 645 1531 714 J.
1554 644 1629 713 1276.
1667 612 1670 617 ι

362 801 414 868 ubi
437 823 500 868 una
514 799 691 882 vobiscum,
715 822 789 866 cuin
804 798 881 881 aliis,
904 799 958 885 qui
977 799 1164 865 exercitatos
1187 797 1303 864 habent
1325 821 1437 864 sensus
1460 798 1499 865 ad
1515 797 1629 866 discre-

362 889 500 967 cionem,
523 887 556 952 in
572 885 733 952 dominica
748 883 855 952 ludica
870 883 1026 952 discutere
1041 895 1073 950 et
1095 883 1243 964 iudicare,
1266 906 1427 971 propono,
1451 883 1526 972 quid
1545 884 1628 952 facto

362 995 442 1060 opus
464 975 505 1039 sit
528 990 559 1039 et
582 969 658 1060 quid
681 970 825 1058 expediat
848 981 935 1038 tante
957 971 1012 1036 rei.
1109 969 1115 1044 i

464 1179 520 1234 Fol.
538 1194 595 1248 123.
619 1179 649 1232 lii
662 1177 709 1231 der
721 1177 787 1248 folg.
800 1178 847 1232 Nr.
861 1177 971 1231 werden
984 1177 1081 1238 etliche
1094 1195 1125 1230 zu
1139 1179 1212 1230 einer
1226 1178 1362 1248 Beratung
1380 1195 1413 1231 an
1427 1189 1627 1248 ungenanntem

361 1265 428 1320 Orte
447 1265 613 1336 eingeladen.
649 1265 733 1318 Diese
755 1263 809 1318 und
832 1263 874 1317 die
898 1263 1044 1334 folgenden
1070 1265 1135 1317 Nm.
1160 1265 1288 1318 beziehen
1312 1265 1369 1318 sicli
1394 1263 1442 1318 auf
1460 1265 1503 1318 die
1522 1265 1628 1318 Wirreii

360 1352 407 1406 des
425 1352 519 1424 Jahres
540 1350 607 1420 1276
625 1350 762 1405 zwischen
781 1349 895 1404 Ottokar
912 1365 966 1402 von
985 1350 1107 1402 Bbhmen
1127 1349 1180 1402 uiid
1198 1349 1300 1403 Rudolf
1315 1367 1369 1403 von
1382 1350 1530 1420 Habsburg.
1567 1351 1628 1404 Den

359 1439 535 1510 Augsburger
552 1437 614 1509 Tag
632 1453 686 1491 von
706 1451 771 1506 1275
792 1437 846 1489 Mai
868 1451 896 1504 15
924 1436 997 1489 hatte
1017 1435 1051 1492 O.
1071 1437 1143 1489 noch
1161 1436 1312 1503 beschiclit;
1338 1436 1386 1490 auf
1407 1438 1463 1490 ihm
1482 1437 1574 1492 wutde
1599 1453 1627 1490 er

359 1525 493 1596 geachtet.
530 1523 595 1578 llald
613 1525 720 1594 begann
738 1523 785 1576 der
802 1522 893 1592 Krieg.
930 1522 1010 1575 Wien
1030 1521 1094 1576 hielt
1113 1530 1170 1576 treu
1190 1540 1220 1576 zu
1240 1521 1275 1576 Ο.
1295 1523 1348 1576 und
1365 1523 1458 1577 warde
1483 1523 1563 1592 lange
1581 1524 1627 1576 be·

359 1610 452 1681 lagett.
482 1610 575 1681 Konig
593 1609 708 1664 Ottolrar
725 1609 807 1675 hatte,
825 1609 879 1662 wie
897 1625 944 1662 aus
963 1608 1025 1660 dem
1044 1607 1190 1678 folgenden
1205 1609 1350 1662 Schreiben
1369 1609 1541 1680 hervorgeht,
1562 1625 1626 1662 vom

358 1697 506 1752 Provincial
524 1697 567 1750 die
585 1696 743 1766 Verlegung
761 1696 808 1749 des
827 1694 1086 1765 Provinaiallrapitels
1110 1695 1239 1766 verlangt.
1277 1694 1380 1766 Obiges
1400 1696 1545 1750 Sclireiben
1570 1695 1625 1749 satir

358 1785 415 1839 also
434 1784 508 1840 wohl
527 1785 554 1838 in
573 1784 615 1837 die
634 1792 721 1837 ersten
740 1783 864 1836 Wochen
883 1781 930 1835 des
949 1782 1041 1852 Jahres
1062 1781 1138 1852 1276.

969 2025 1017 2094 tt.

340 2179 343 2187 ⁴
416 2166 419 2174 ’
452 2147 642 2234 'Provinqr'al
664 2145 804 2238 (Ulricb)
829 2149 895 2216 tcilt
917 2150 1018 2236 K'onig
1042 2145 1204 2236 (ottakar)
1232 2170 1291 2214 von
1314 2148 1447 2214 Bdhrnen
1475 2147 1523 2213 dic
1550 2147 1622 2213 Ver-

357 2237 470 2324 legung
492 2235 543 2302 des
565 2233 870 2323 Provinqialkapitcls
892 2239 956 2302 mit.
1003 2232 1130 2326 (1276).

415 2349 418 2356 ⁴
460 2356 551 2424 Idem
574 2356 773 2445 provincialis
800 2359 867 2446 regi
890 2358 1038 2440 Boemie‚
1069 2358 1122 2446 qui
1145 2358 1313 2445 persuasit,
1342 2355 1429 2446 quod
1453 2356 1622 2444 capitulum

356 2443 583 2512 transferretur.
619 2443 840 2512 Serenissimo.
863 2445 955 2512 Pater
970 2447 1129 2512 immense
1145 2445 1326 2525 maiestatis,
1346 2466 1402 2531 per
1418 2466 1513 2532 quem
1530 2466 1564 2510 re
1588 2467 1622 2510 es

355 2555 468 2619 regum
485 2543 544 2600 etc.
560 2584 566 2598 .
582 2584 589 2598 .
608 2530 721 2598 Grates
737 2533 860 2618 agimus
873 2551 904 2599 et
916 2555 983 2598 non
999 2533 1113 2619 ingrati
1129 2533 1242 2618 gratias
1259 2530 1423 2612 solvimus,
1439 2553 1515 2619 quas
1528 2466 1621 2598 debe-

355 2641 437 2702 muS,
453 2642 492 2686 eii
508 2641 560 2701 e0,
605 2617 671 2686 uod
685 2641 744 2687 vos
760 2619 793 2686 in
808 2621 959 2708 prestanti
975 2619 1048 2687 licet
1063 2617 1201 2686 culmine
1218 2617 1416 2708 constitut(i)
1433 2620 1475 2685 ita
1491 2624 1622 2684 maiius¹

354 2706 523 2774 clementie
538 2642 709 2789 incbnavit,
730 2718 764 2774 ut
779 2708 861 2774 inter
877 2719 926 2775 tot
942 2730 1086 2774 curarum
1102 2706 1218 2789 turbas,
1234 2705 1346 2795 quibus
1362 2705 1478 2794 regalia
1493 2717 1622 2793 pectora

354 2793 605 2882 frequentantur,
636 2816 810 2895 pauperum
834 2794 964 2862 fratrum
990 2815 1020 2861 et
1045 2817 1172 2876 eorum,
1196 2817 1256 2882 que
1280 2792 1320 2860 ad
1343 2795 1429 2881 ipsos
1452 2795 1620 2880 pertinent,

354 2879 531 2966 dignemini
546 2879 741 2946 meminisse.
773 2880 976 2948 Celsitudinis
993 2882 1108 2968 quippe
1123 2891 1228 2946 vestre
1243 2878 1409 2946 reverendi
1425 2881 1528 2966 apices
1545 2901 1621 2944 con-

353 2965 504 3047 tinebant,
527 2963 614 3053 quod
637 2963 766 3032 fratrum
790 2978 985 3047 nostrorum,
1010 2977 1044 3032 ut
1067 2967 1247 3052 accepistis,
1277 2967 1310 3030 iii
1333 2965 1396 3030 hoc
1441 2965 1618 3050 ropositum

300 3051 302 3054 ’
353 3050 520 3134 resideret,
572 3062 703 3118 uatenus
733 3051 786 3118 tali
808 3063 953 3140 tempore
979 3105 985 3118 .
1011 3104 1018 3118 .
1043 3063 1189 3118 nostrum
1213 3050 1360 3117 celebrari
1384 2987 1513 3116 deberet
1536 3053 1618 3152 capi-

353 3136 453 3216 tulum
477 3138 510 3203 in
525 3074 674 3204 tiberina.
714 3137 835 3204 Verum
852 3161 926 3206 cum
940 3150 1070 3227 propter
1086 3139 1273 3224 opinionem
1290 3137 1445 3202 bellorum
1461 3135 1618 3203 sollertius

353 3236 498 3312 oporteat
522 3245 616 3310 agere
639 3225 709 3306 hm,
735 3225 789 3312 qui
811 3223 849 3291 ad
872 3227 963 3311 regni
985 3225 1081 3291 vestri
1105 3223 1283 3290 custodiam
1306 3241 1379 3290 sunt
1402 3223 1544 3304 accincti,
1568 3225 1618 3310 pia

341 3309 564 3386 ,sollicitudine
591 3311 754 3391 timuistis,
782 3334 824 3376 ne
846 3309 1032 3378 accedentes
1062 3309 1133 3376 illuc
1161 3312 1257 3377 etiam
1280 3309 1371 3378 vobis
1399 3309 1618 3396 ignorantibus

352 3395 535 3483 personales
558 3408 611 3462 aut
633 3395 732 3462 reales
760 3397 887 3464 iniurias
910 3399 1086 3484 paciantur;
1113 3396 1198 3463 unde
1228 3397 1367 3462 suasistis
1395 3395 1527 3483 provide
1550 3419 1620 3483 pre·
1689 3451 1692 3456 .
1752 3459 1755 3468 ,

352 3482 472 3550 dictum
496 3481 666 3569 capitulum
689 3483 795 3570 potius
818 3485 852 3565 in
880 3494 950 3549 tuto
975 3484 1124 3549 constitui
1148 3505 1243 3570 quani
1267 3482 1401 3548 obortal
1430 3495 1618 3569 tempestate

351 3569 497 3653 periculis
526 3569 675 3654 navigari.
730 3567 941 3635 Advertentes
968 3571 1077 3654 igitur,
1111 3568 1197 3656 quod
1225 3591 1292 3634 non
1325 3567 1435 3634 deceat
1463 3570 1619 3634 terminos

351 3653 527 3742 transgredi
539 3653 662 3721 consilii
680 3654 831 3735 salutaris,
847 3654 933 3742 quod
949 3653 1086 3741 benigne
1102 3656 1219 3721 mentis
1231 3678 1310 3721 vena
1325 3656 1434 3740 purior
1451 3657 1618 3735 emanavit,

351 3740 390 3808 ad
413 3752 609 3810 conventum
633 3741 727 3808 alium
750 3741 882 3828 predicti
899 3741 1023 3828 capituli
1046 3765 1128 3808 onus
1152 3741 1367 3808 transtulimus
1392 3753 1423 3808 et
1446 3742 1617 3822 honorem,

350 3851 460 3914 preces
484 3826 643 3895 conditori
667 3829 839 3895 omnium.
864 3881 870 3896 .
897 3829 1080 3896 ‚humiliter
1104 3828 1313 3910 effundentes,
1337 3841 1490 3916 quatenus
1507 3827 1616 3895 diflusa

351 3914 461 3981 celitus
486 3915 612 3980 caritate
643 3913 710 3981 dies
733 3934 851 3982 vestras
879 3917 988 3997 inea,
1017 3939 1112 4003 quam
1141 3914 1278 3984 mundus
1306 3914 1380 3982 dare
1403 3938 1470 3980 non
1500 3927 1616 4002 potest,

307 4045 309 4052 ,
350 4025 427 4089 pace
455 4000 617 4088 disponat,
650 4002 795 4075 sanctum
828 4000 968 4068 tribuens
998 4001 1204 4084 desiderium,
1239 4013 1323 4068 recta
1356 4001 1502 4082 consilia,
1535 4024 1616 4088 opus

350 4089 483 4170 iustum,
537 4090 658 4156 uamvis
688 4087 870 4156 huiusmodi
899 4091 1037 4163 mutacio
1067 4089 1171 4156 ordini
1200 4111 1267 4154 non
1301 4100 1452 4155 consueta
1479 4088 1616 4155 multum

350 4112 641 4243 coiitineatiaboris
658 4199 693 4242 ac
709 4175 875 4263 dispendii,
899 4175 1071 4243 addiderim
1089 4187 1120 4242 et
1135 4175 1275 4263 pudoris,
1293 4199 1331 4242 ex
1348 4199 1387 4242 eo
1404 4175 1491 4278 quod
1506 4174 1615 4242 fratres

329 4263 450 4330 nostri
473 4282 602 4330 auctore
618 4263 691 4328 Deo
715 4265 777 4332 vita
799 4262 985 4364 probabiles,
1010 4262 1076 4331 doli
1098 4287 1209 4350 rugam
1227 4275 1258 4330 et
1281 4265 1440 4350 capcionis
1459 4262 1613 4329 maculam

348 4351 527 4418 nescientes
550 4369 712 4438 tamquam
735 4349 874 4417 malivoli
897 4351 1099 4437 repelluntur.
1133 4351 1219 4416 Alias
1235 4372 1312 4418 vero
1336 4372 1434 4436 regna
1450 4361 1614 4416 commota

347 4437 489 4518 transire,
505 4436 598 4504 urbes
615 4436 758 4504 obsessas
774 4435 897 4524 ingredi
912 4460 947 4504 ac
965 4439 1047 4504 inter
1062 4439 1188 4504 strictos
1204 4439 1343 4525 parcium
1360 4436 1483 4524 gladios
1499 4439 1615 4504 versari

346 4536 508 4612 tamquam
524 4547 660 4612 superne
701 4526 764 4590 acis
780 4523 922 4611 discipuli
945 4525 1013 4590 sine
1028 4525 1217 4612 suspicionis
1234 4524 1411 4612 calumpnia
1426 4525 1615 4612 permittun-

346 4629 406 4678 tur.
442 4611 564 4678 Verum
587 4634 660 4678 cuin
680 4547 746 4678 boc
770 4633 837 4678 non
852 4613 892 4678 sit
914 4611 1162 4698 retorquendum
1186 4610 1226 4679 ad
1240 4613 1397 4693 iniuriam,
1421 4610 1509 4700 quod
1524 4609 1615 4678 vobis

346 4697 582 4765 habundantem
612 4697 767 4785 proficere
791 4697 916 4764 creditis
939 4697 978 4764 ad
1008 4697 1175 4779 cautelam,
1203 4698 1317 4765 nullius
1341 4698 1461 4764 doloris
1489 4722 1528 4765 ex
1552 4697 1614 4763 hoc

346 4784 455 4852 fratres
471 4785 638 4852 acerbitate
653 4797 850 4873 torquentur,
867 4797 915 4851 set
931 4787 1064 4851 amatori
1079 4787 1164 4872 pacis
1180 4785 1314 4852 domino
1328 4785 1444 4853 devota
1460 4787 1614 4936 prompti·

345 4871 455 4938 tudine
472 4870 713 4938 substernuntur
728 4870 854 4937 assiduo
871 4871 1092 4956 supplicantes,
1109 4883 1262 4958 quatenus
1279 4871 1389 4938 diffusa
1406 4875 1436 4938 iii
1455 4875 1554 4939 menti
1577 4895 1613 4936 us
