3822 5592
321 602 344 674 J.
366 615 440 676 1294.
905 598 999 654 Briefe.
1525 584 1584 668 165
1632 608 1633 612 ’

925 755 992 824 158.

428 878 603 967 (Hermann
625 902 683 946 uon
699 877 841 969 Mirtdrn)
858 877 997 966 bestitigt
1019 878 1120 944 lrbcbst
1141 900 1259 965 angera
1282 878 1346 944 und
1359 902 1429 959 nter,
1452 901 1504 944 am
1520 879 1587 945 derra

327 969 442 1035 Willen
461 969 562 1035 Gottrs
584 968 665 1033 nicht
687 990 726 1054 aa
748 965 996 1118 tuiderspreclrcrt‚
1020 965 1076 1068 rien
1091 964 1368 1068 Lakter-Iohannes
1389 968 1422 1032 in
1437 966 1588 1055 Freiburg

322 1054 829 1233 ΖΞἴῗίονίῑίῗὲῑιὶἱῖἔὲἒῖαηβναμ
845 1077 897 1120 rm
921 1053 994 1120 aber
1009 1065 1064 1119 rmt
1086 1054 1140 1120 der
1156 1053 1376 1142 Babrbaltung
1397 1054 1447 1120 des
1463 1053 1587 1121 Lektor-

428 1249 601 1316 Karissimo
630 1247 687 1315 sibi
716 1249 747 1315 in
771 1249 833 1314 Dei
862 1247 926 1315 filio
955 1246 1040 1314 fratri
1063 1246 1234 1337 Io(l1anni)
1262 1245 1372 1314 lectori
1400 1247 1502 1315 adhuc
1524 1248 1588 1315 Pri-

323 1337 470 1426 butgensi
493 1337 621 1405 fratrum
645 1335 765 1403 ordinis
781 1333 1018 1404 Predicatorum
1037 1347 1096 1403 etc.
1135 1336 1174 1402 Et
1189 1333 1301 1403 dolens
1324 1335 1405 1402 facio
1423 1347 1454 1404 et
1469 1335 1587 1404 faciens

323 1424 429 1509 dole0,
453 1423 539 1514 quod
561 1425 628 1491 sine
646 1422 721 1491 dolo
745 1425 916 1491 necessitas
933 1443 964 1491 et
981 1423 1094 1491 utilitas
1112 1422 1265 1512 compulit
1280 1423 1470 1492 faciendum.
1502 1425 1587 1492 Nam

321 1525 450 1602 recepto
468 1512 631 1580 electionis
651 1531 755 1579 vestre
767 1511 896 1580 decreto
914 1513 1067 1598 aspiciens
1083 1535 1101 1578 a
1117 1510 1213 1599 longe
1226 1535 1293 1578 non
1309 1513 1408 1599 patuit
1424 1511 1587 1600 effugium,

322 1599 417 1668 abfuit
440 1600 612 1687 refugium,
640 1619 673 1666 ut
697 1623 826 1688 possem
852 1599 1000 1682 evadere,
1031 1623 1072 1666 ne
1096 1623 1208 1666 manus
1231 1599 1264 1664 in
1288 1601 1395 1686 ignem
1426 1601 1586 1667 mitterem

322 1687 388 1770 vel,
418 1687 503 1776 quod
528 1686 663 1754 creditur
687 1687 842 1770 acerbius,
873 1688 904 1753 in
934 1688 1083 1754 amicum.
1134 1688 1189 1754 Set
1213 1710 1284 1752 cum
1309 1710 1410 1775 nuper
1433 1686 1587 1775 quosdam

322 1777 409 1841 arui
436 1797 645 1856 memorarer,
678 1776 730 1862 qui
760 1773 837 1842 dura
860 1776 982 1842 cervice
1010 1792 1121 1840 sancto
1152 1775 1273 1862 spiritui
1297 1775 1494 1856 restiterunt,
1525 1773 1587 1840 alas

322 1799 468 1944 submisi,
501 1866 613 1929 m‘anus
638 1863 795 1944 continui,
828 1885 942 1928 vocem
974 1863 1071 1949 pressi
1105 1863 1248 1948 cogitans
1272 1861 1335 1927 Dei
1358 1859 1492 1948 digitum
1515 1860 1587 1927 huic

322 1950 410 2038 operi
434 1948 579 2031 affuisse,
610 1972 674 2037 quo
698 1947 831 2016 ductore
855 1949 964 2036 provio
996 1971 1095 2015 onme
1126 1948 1280 2015 devitatur
1309 1949 1459 2028 noxium,
1490 1971 1588 2014 omne

322 2038 470 2103 meritum
487 2035 671 2117 cumulatur,
718 2037 747 2102 ui
766 2035 805 2102 de
821 2033 920 2122 gradu
938 2034 1107 2102 doctorum
1124 2046 1266 2122 pastores
1283 2033 1418 2116 ordinat,
1442 2036 1587 2123 quatinus

321 2125 354 2190 in
377 2125 655 2190 consummatione
677 2061 795 2191 ΕἹπίεῑί
819 2123 973 2210 corporis,
997 2121 1084 2211 quod
1108 2134 1155 2189 est
1179 2121 1320 2203 ecclesia,
1336 2123 1376 2198 vin
1393 2123 1495 2188 virum
1519 2143 1589 2209 per-

321 2211 439 2278 fectum
485 2212 577 2278 ariter
599 2233 802 2277 occurramus
828 2263 834 2276 .
861 2263 867 2276 .
894 2263 900 2276 .
926 2211 970 2276 Ut
995 2233 1049 2297 per
1073 2233 1136 2292 me,
1160 2208 1247 2299 quod
1270 2220 1376 2291 restat,
1400 2209 1588 2298 perficiatur,

322 2299 450 2366 fratrum
463 2233 637 2366 lumilibus
653 2298 796 2387 precibus
814 2300 1016 2388 acquiescens
1033 2296 1215 2365 huiusmodi
1232 2298 1379 2366 electioni
1395 2321 1588 2366 consensum

322 2387 440 2477 prebeo
473 2400 504 2456 et
535 2412 606 2455 cum
631 2388 704 2454 Deo
736 2389 862 2476 auspice
893 2399 924 2455 et
954 2406 1083 2455 auctore
1114 2385 1272 2455 confirmo
1304 2388 1504 2476 presencium
1534 2410 1590 2476 per·

323 2489 479 2546 tenorem.
536 2477 658 2544 Verum
690 2501 730 2544 ne
763 2487 940 2544 conventus
972 2489 1076 2544 vester
1107 2476 1251 2544 doctrine
1289 2475 1429 2543 salutaris
1461 2477 1588 2543 interim

324 2566 454 2654 accipiat
476 2564 718 2648 detrimentum,
748 2567 860 2653 prioris
889 2589 945 2654 per
970 2589 1003 2631 se
1032 2577 1063 2631 et
1090 2563 1217 2632 lectoris
1244 2587 1301 2666 per
1328 2563 1473 2631 accidens
1502 2587 1589 2631 cont·

325 2653 433 2741 pleatis
457 2651 596 2720 officium
623 2653 706 2720 iuxta
729 2676 839 2741 posse,
871 2652 975 2719 donec
997 2653 1164 2719 auctoritas
1194 2675 1295 2718 mator
1318 2653 1399 2718 circa
1423 2651 1485 2718 hoc
1508 2650 1589 2718 aliud

325 2739 498 2807 decreverit
521 2739 742 2806 ordinandum.
790 2739 910 2806 Valete.

483 2866 611 2873 „nrm-..n

429 2911 484 2965 Fol.
507 2922 589 2983 195⁹.
617 2911 682 2964 Dafs
702 2912 748 2964 der
767 2912 841 2965 Brief
856 2930 909 2966 von
923 2913 1059 2966 Hermann
1078 2913 1119 2979 ist,
1139 2913 1204 2982 geht
1224 2928 1270 2965 aus
1290 2911 1351 2965 dem
1370 2929 1474 2983 ganzen
1487 2910 1587 2977 Terror,

323 2997 391 3052 dana
419 2999 481 3052 aber
500 2999 567 3053 auch
591 3017 638 3052 aus
662 2999 708 3053 der
727 2999 809 3053 Stelle
833 3000 944 3054 hervor:
969 3001 1056 3054 donec
1079 3000 1221 3054 auctoritas
1247 2999 1333 3054 maior
1358 3000 1426 3054 circa
1444 2999 1497 3053 Iroc
1521 2997 1590 3053 aliud

322 3086 477 3142 decreverit.
509 3087 552 3142 An
565 3089 648 3155 PrIor,
668 3089 795 3160 Subprior
813 3088 867 3142 und
880 3089 1006 3142 Konvent
1026 3089 1140 3143 schreibt
1154 3087 1275 3142 derselbe
1289 3131 1295 3144 .
1310 3131 1316 3143 .
1331 3131 1337 3144 .
1351 3087 1468 3143 officium
1483 3087 1589 3142 lectoris

321 3175 418 3246 pariter
442 3175 575 3246 expediat,
602 3176 749 3231 secundum
774 3176 844 3248 quod
868 3177 937 3230 vires
961 3185 1104 3248 suppetunt
1129 3185 1155 3231 et
1181 3177 1340 3232 concedunt.
1377 3176 1455 3232 Unde
1481 3185 1591 3249 pensata

322 3262 455 3318 debilitate
478 3265 517 3318 sui
541 3265 660 3336 corporis
689 3265 770 3336 ipsius
795 3266 1017 3337 oportunitatibus
1041 3274 1067 3318 et
1092 3265 1243 3320 commodis
1271 3265 1368 3337 largius
1395 3274 1420 3320 et
1444 3265 1590 3338 gracIosius

322 3352 469 3407 intendatis.
507 3343 579 3408 Uber
597 3354 703 3426 Johann
725 3372 779 3407 von
799 3353 926 3426 Freiburg
945 3354 998 3408 und
1022 3355 1095 3408 selue
1114 3355 1245 3408 Schriften
1266 3355 1318 3426 vgl.
1338 3354 1551 3418 Quideclrard
1570 3355 1590 3420 1,

325 3456 386 3510 523;
405 3441 520 3495 Histoire
540 3442 676 3495 Litteraire
695 3442 819 3509 XXVIII,
840 3441 890 3496 262
910 3459 944 3497 ss.

926 3597 991 3668 159.

426 3721 605 3808 Provinrial
628 3722 767 3788 Dirtrich
797 3723 863 3788 trr'lt
891 3724 957 3788 dem
980 3724 1117 3812 sr'ilbrru
1141 3724 1417 3814 Kardinallcgaten
1441 3704 1602 3807 lohannes

320 3830 379 3873 voa
396 3807 560 3874 Tar-sculum
576 3810 624 3874 aie
638 3809 955 3897 Gewaltthritigleriterr
971 3812 1021 3876 des
1036 3813 1081 3876 W
1078 3835 1192 3878 orruser
1207 3813 1346 3891 Biscboft
1358 3835 1454 3899 gagen
1470 3811 1590 3878 moster

322 3894 472 3982 Nrubmg
495 3899 549 3962 mit
572 3897 637 3961 und
659 3896 742 3962 birra
765 3920 816 3962 arn
839 3897 975 3985 Abbilfe.
1024 3898 1151 3987 (1294.)
1456 3933 1458 3937 ·

426 3999 641 4078 Querimonia
674 3999 713 4066 de
741 4000 899 4067 violentiis
928 4001 1017 4068 illatis
1047 4014 1077 4068 et
1109 4002 1214 4070 auxilii
1241 4004 1363 4090 petitio.
1410 4001 1589 4068 Venerabili

320 4083 454 4152 domino
478 4097 510 4153 et
532 4088 718 4154 suavissime
741 4089 900 4154 memorie
923 4088 1096 4156 recolendo
1121 4089 1255 4156 domino
1279 4088 1449 4178 Io(hanni)
1466 4088 1590 4156 Tuscu·

320 4170 393 4238 lano
407 4196 423 4239 e
446 4175 568 4263 iscopo‚
586 4174 743 4258 cardinali,
760 4174 924 4264 quondam
940 4177 1114 4265 apostolice
1130 4176 1213 4245 sedis
1225 4177 1331 4266 legato
1348 4179 1381 4244 in
1391 4176 1589 4260 Alemannia,

320 4257 414 4328 frater
462 4259 654 4352 h(idericus)
678 4264 765 4351 prior
789 4275 819 4331 et
842 4288 951 4332 servus
974 4264 1105 4332 fratrum
1130 4265 1249 4333 ordinis
1273 4264 1511 4334 Predicatorum
1534 4288 1590 4355 per

321 4347 559 4418 Tlteuthoniam
588 4375 662 4418 cum
694 4351 890 4420 subiectione
922 4353 1032 4420 humili
1062 4365 1094 4422 et
1122 4353 1441 4422 recommendatione
1475 4352 1591 4422 devota

322 4456 464 4505 mentem
487 4450 696 4527 spontaneam
728 4439 767 4507 ad
796 4440 953 4508 mandata.
999 4442 1076 4509 Non
1108 4443 1177 4510 sine
1213 4445 1353 4532 suspiriis
1384 4442 1590 4510 amarioribus

322 4523 497 4594 celsitudini
511 4546 615 4594 vestre
631 4526 765 4595 notifico
785 4528 900 4596 factum
918 4528 1117 4613 dolorosum,
1142 4529 1374 4612 scandalosum,
1398 4531 1589 4612 luctuosum,

321 4612 408 4702 quod
432 4615 511 4682 circa
535 4617 765 4683 monasterium
788 4619 875 4685 Novi
891 4618 992 4686 Castri
1012 4619 1262 4686 Wormaciensis
1286 4617 1432 4707 dyocesis
1457 4619 1591 4720 contigit

321 4700 380 4768 hiis
404 4701 523 4770 diebus.
570 4704 802 4786 Monasterium
833 4705 991 4794 siquidem
1018 4705 1094 4773 illud
1124 4729 1179 4794 per
1202 4731 1260 4774 vos
1290 4730 1364 4774 cute
1388 4717 1419 4774 et
1442 4707 1591 4793 regimrni

320 4790 520 4943 provincialis
536 4790 567 4857 T
570 4791 743 4859 lreuthonie
760 4791 1034 4875 commendatum,
1058 4792 1162 4861 donec
1186 4818 1330 4861 summus
1346 4793 1490 4883 pontifex
1507 4795 1591 4861 circa

343 4899 383 4943 oc
399 4876 481 4944 aliud
499 4877 668 4960 ordinaret,
688 4903 728 4946 eo
745 4879 831 4967 quod
848 4878 1004 4968 usquead
1020 4879 1100 4948 illius
1116 4883 1271 4968 temporis
1288 4880 1451 4948 articulum
1472 4891 1589 4948 certam
