<?xml version="1.0" encoding="UTF-8"?>
<!DOCTYPE html PUBLIC "-//W3C//DTD XHTML 1.0 Transitional//EN"
    "http://www.w3.org/TR/xhtml1/DTD/xhtml1-transitional.dtd">
<html xmlns="http://www.w3.org/1999/xhtml" xml:lang="en" lang="en">
 <head>
  <title>
</title>
<meta http-equiv="Content-Type" content="text/html;charset=utf-8" />
  <meta name='ocr-system' content='tesseract 3.04.00' />
  <meta name='ocr-capabilities' content='ocr_page ocr_carea ocr_par ocr_line ocrx_word'/>
</head>
<body>
  <div class='ocr_page' id='page_1' title='image "./ungedrucktedomi00finkgoog_0170.png"; bbox 0 0 3822 5592; ppageno 0'>
   <div class='ocr_carea' id='block_1_1' title="bbox 308 659 1577 746">
    <p class='ocr_par' dir='ltr' id='par_1_1' title="bbox 308 659 1577 746">
     <span class='ocr_line' id='line_1_1' title="bbox 308 659 1577 746; baseline 0.009 -34"><span class='ocrx_word' id='word_1_1' title='bbox 308 659 331 730; x_wconf 91' lang='lat' dir='ltr'><strong>J.</strong></span> <span class='ocrx_word' id='word_1_2' title='bbox 355 661 428 732; x_wconf 80' lang='lat'><strong>1289.</strong></span> <span class='ocrx_word' id='word_1_3' title='bbox 565 660 568 666; x_wconf 86' lang='grc'>’</span> <span class='ocrx_word' id='word_1_4' title='bbox 895 667 989 723; x_wconf 86' lang='lat' dir='ltr'><strong>Briese.</strong></span> <span class='ocrx_word' id='word_1_5' title='bbox 1517 679 1577 746; x_wconf 81' lang='lat'><strong>157</strong></span> 
     </span>
    </p>
   </div>
   <div class='ocr_carea' id='block_1_2' title="bbox 305 817 1581 1405">
    <p class='ocr_par' dir='ltr' id='par_1_2' title="bbox 308 817 1576 914">
     <span class='ocr_line' id='line_1_2' title="bbox 308 817 1576 914; baseline 0.013 -34"><span class='ocrx_word' id='word_1_6' title='bbox 308 827 432 902; x_wconf 90' lang='lat' dir='ltr'><strong>paratus</strong></span> <span class='ocrx_word' id='word_1_7' title='bbox 455 839 527 882; x_wconf 91' lang='lat' dir='ltr'><strong>sum</strong></span> <span class='ocrx_word' id='word_1_8' title='bbox 551 817 621 883; x_wconf 88' lang='lat' dir='ltr'><strong>illuc</strong></span> <span class='ocrx_word' id='word_1_9' title='bbox 645 841 797 906; x_wconf 79' lang='lat' dir='ltr'>personas</span> <span class='ocrx_word' id='word_1_10' title='bbox 811 821 956 908; x_wconf 80' lang='lat' dir='ltr'><strong>ydoneus</strong></span> <span class='ocrx_word' id='word_1_11' title='bbox 979 827 1106 892; x_wconf 84' lang='lat' dir='ltr'><strong>mittere</strong></span> <span class='ocrx_word' id='word_1_12' title='bbox 1128 849 1184 912; x_wconf 87' lang='lat' dir='ltr'><strong>per</strong></span> <span class='ocrx_word' id='word_1_13' title='bbox 1208 851 1260 893; x_wconf 90' lang='lat' dir='ltr'><strong>me</strong></span> <span class='ocrx_word' id='word_1_14' title='bbox 1277 827 1326 894; x_wconf 90' lang='lat' dir='ltr'><strong>vel</strong></span> <span class='ocrx_word' id='word_1_15' title='bbox 1349 851 1406 914; x_wconf 90' lang='lat' dir='ltr'><strong>per</strong></span> <span class='ocrx_word' id='word_1_16' title='bbox 1428 830 1523 896; x_wconf 90' lang='lat' dir='ltr'><strong>alium</strong></span> <span class='ocrx_word' id='word_1_17' title='bbox 1544 832 1576 897; x_wconf 89' lang='lat' dir='ltr'><strong>ln</strong></span> 
     </span>
    </p>

    <p class='ocr_par' dir='ltr' id='par_1_3' title="bbox 308 905 1579 1001">
     <span class='ocr_line' id='line_1_3' title="bbox 308 905 1579 1001; baseline 0.013 -36"><span class='ocrx_word' id='word_1_18' title='bbox 308 923 444 968; x_wconf 90' lang='lat' dir='ltr'><strong>numero</strong></span> <span class='ocrx_word' id='word_1_19' title='bbox 468 907 661 988; x_wconf 85' lang='lat' dir='ltr'><strong>conpetenti.</strong></span> <span class='ocrx_word' id='word_1_20' title='bbox 703 905 864 972; x_wconf 88' lang='lat' dir='ltr'>Numerus</span> <span class='ocrx_word' id='word_1_21' title='bbox 888 920 995 974; x_wconf 86' lang='lat' dir='ltr'><strong>autem</strong></span> <span class='ocrx_word' id='word_1_22' title='bbox 1019 923 1123 978; x_wconf 88' lang='lat' dir='ltr'><strong>certus</strong></span> <span class='ocrx_word' id='word_1_23' title='bbox 1145 934 1297 998; x_wconf 89' lang='lat' dir='ltr'><strong>processu</strong></span> <span class='ocrx_word' id='word_1_24' title='bbox 1319 917 1474 1001; x_wconf 87' lang='lat' dir='ltr'><strong>temporis</strong></span> <span class='ocrx_word' id='word_1_25' title='bbox 1498 917 1579 982; x_wconf 82' lang='lat' dir='ltr'><strong>iura-</strong></span> 
     </span>
    </p>

    <p class='ocr_par' dir='ltr' id='par_1_4' title="bbox 308 986 1581 1089">
     <span class='ocr_line' id='line_1_4' title="bbox 308 986 1581 1089; baseline 0.014 -38"><span class='ocrx_word' id='word_1_26' title='bbox 308 1006 420 1053; x_wconf 91' lang='lat' dir='ltr'><strong>mento</strong></span> <span class='ocrx_word' id='word_1_27' title='bbox 449 986 566 1054; x_wconf 88' lang='lat' dir='ltr'><strong>firmari</strong></span> <span class='ocrx_word' id='word_1_28' title='bbox 589 988 727 1071; x_wconf 90' lang='lat' dir='ltr'><strong>debebit,</strong></span> <span class='ocrx_word' id='word_1_29' title='bbox 756 1003 790 1057; x_wconf 92' lang='lat' dir='ltr'><strong>ut</strong></span> <span class='ocrx_word' id='word_1_30' title='bbox 819 1017 881 1058; x_wconf 89' lang='lat' dir='ltr'><strong>una</strong></span> <span class='ocrx_word' id='word_1_31' title='bbox 905 1014 1031 1062; x_wconf 89' lang='lat' dir='ltr'><strong>mortua</strong></span> <span class='ocrx_word' id='word_1_32' title='bbox 1058 997 1152 1063; x_wconf 88' lang='lat' dir='ltr'><strong>altera</strong></span> <span class='ocrx_word' id='word_1_33' title='bbox 1183 997 1386 1085; x_wconf 84' lang='lat' dir='ltr'><strong>subrogetur,</strong></span> <span class='ocrx_word' id='word_1_34' title='bbox 1420 1024 1480 1068; x_wconf 88' lang='lat' dir='ltr'><strong>nec</strong></span> <span class='ocrx_word' id='word_1_35' title='bbox 1506 1025 1581 1089; x_wconf 84' lang='lat' dir='ltr'><strong>per·-</strong></span> 
     </span>
    </p>

    <p class='ocr_par' dir='ltr' id='par_1_5' title="bbox 307 1073 1580 1168">
     <span class='ocr_line' id='line_1_5' title="bbox 307 1073 1580 1168; baseline 0.013 -31"><span class='ocrx_word' id='word_1_36' title='bbox 307 1073 498 1140; x_wconf 91' lang='lat' dir='ltr'><strong>mittendum</strong></span> <span class='ocrx_word' id='word_1_37' title='bbox 531 1076 575 1141; x_wconf 91' lang='lat' dir='ltr'><strong>eis</strong></span> <span class='ocrx_word' id='word_1_38' title='bbox 603 1077 675 1157; x_wconf 89' lang='lat' dir='ltr'><strong>erit,</strong></span> <span class='ocrx_word' id='word_1_39' title='bbox 705 1077 791 1165; x_wconf 90' lang='lat' dir='ltr'><strong>quod</strong></span> <span class='ocrx_word' id='word_1_40' title='bbox 820 1102 853 1145; x_wconf 93' lang='lat' dir='ltr'><strong>se</strong></span> <span class='ocrx_word' id='word_1_41' title='bbox 883 1078 1025 1168; x_wconf 87' lang='lat' dir='ltr'><strong>obligent</strong></span> <span class='ocrx_word' id='word_1_42' title='bbox 1052 1084 1142 1149; x_wconf 91' lang='lat' dir='ltr'><strong>alicui</strong></span> <span class='ocrx_word' id='word_1_43' title='bbox 1171 1082 1210 1149; x_wconf 90' lang='lat' dir='ltr'><strong>ad</strong></span> <span class='ocrx_word' id='word_1_44' title='bbox 1237 1084 1427 1152; x_wconf 91' lang='lat' dir='ltr'><strong>solvendum</strong></span> <span class='ocrx_word' id='word_1_45' title='bbox 1455 1110 1580 1154; x_wconf 87' lang='lat' dir='ltr'><strong>annuas-</strong></span> 
     </span>
    </p>

    <p class='ocr_par' dir='ltr' id='par_1_6' title="bbox 306 1162 1574 1261">
     <span class='ocr_line' id='line_1_6' title="bbox 306 1162 1574 1261; baseline 0.012 -36"><span class='ocrx_word' id='word_1_46' title='bbox 306 1162 486 1247; x_wconf 90' lang='lat' dir='ltr'><strong>pensiones.</strong></span> <span class='ocrx_word' id='word_1_47' title='bbox 532 1163 615 1228; x_wconf 89' lang='lat' dir='ltr'><strong>Nam</strong></span> <span class='ocrx_word' id='word_1_48' title='bbox 641 1187 678 1229; x_wconf 88' lang='lat' dir='ltr'><strong>ex</strong></span> <span class='ocrx_word' id='word_1_49' title='bbox 702 1163 761 1230; x_wconf 90' lang='lat' dir='ltr'><strong>hiis</strong></span> <span class='ocrx_word' id='word_1_50' title='bbox 785 1164 920 1250; x_wconf 91' lang='lat' dir='ltr'><strong>duobus,</strong></span> <span class='ocrx_word' id='word_1_51' title='bbox 944 1168 1062 1236; x_wconf 87' lang='lat' dir='ltr'><strong>scilicet</strong></span> <span class='ocrx_word' id='word_1_52' title='bbox 1086 1170 1239 1237; x_wconf 86' lang='lat' dir='ltr'><strong>effrenato</strong></span> <span class='ocrx_word' id='word_1_53' title='bbox 1264 1195 1400 1239; x_wconf 91' lang='lat' dir='ltr'><strong>numero</strong></span> <span class='ocrx_word' id='word_1_54' title='bbox 1423 1196 1574 1261; x_wconf 87' lang='lat' dir='ltr'><strong>persona-</strong></span> 
     </span>
    </p>

    <p class='ocr_par' dir='ltr' id='par_1_7' title="bbox 305 1248 1572 1405">
     <span class='ocr_line' id='line_1_7' title="bbox 305 1248 1572 1403; baseline 0.011 -90"><span class='ocrx_word' id='word_1_55' title='bbox 305 1271 376 1402; x_wconf 67' lang='lat' dir='ltr'><strong>ppm</strong></span> <span class='ocrx_word' id='word_1_56' title='bbox 400 1267 431 1315; x_wconf 88' lang='lat' dir='ltr'><strong>et</strong></span> <span class='ocrx_word' id='word_1_57' title='bbox 454 1248 613 1403; x_wconf 82' lang='lat' dir='ltr'><strong>spiutione</strong></span> <span class='ocrx_word' id='word_1_58' title='bbox 636 1254 855 1339; x_wconf 82' lang='lat' dir='ltr'><strong>precariarum,</strong></span> <span class='ocrx_word' id='word_1_59' title='bbox 880 1254 978 1322; x_wconf 91' lang='lat' dir='ltr'><strong>multa</strong></span> <span class='ocrx_word' id='word_1_60' title='bbox 1001 1259 1193 1324; x_wconf 89' lang='lat' dir='ltr'><strong>monasteria</strong></span> <span class='ocrx_word' id='word_1_61' title='bbox 1216 1257 1408 1327; x_wconf 80' lang='lat' dir='ltr'><strong>defecerunt.</strong></span> <span class='ocrx_word' id='word_1_62' title='bbox 1449 1261 1572 1329; x_wconf 87' lang='lat' dir='ltr'><strong>Valete.</strong></span> 
     </span>
     <span class='ocr_line' id='line_1_8' title="bbox 337 1339 562 1405; baseline 0.013 -3"><span class='ocrx_word' id='word_1_63' title='bbox 337 1347 423 1403; x_wconf 88' lang='lat' dir='ltr'><strong>atum</strong></span> <span class='ocrx_word' id='word_1_64' title='bbox 447 1339 562 1405; x_wconf 88' lang='lat' dir='ltr'><strong>Pawe.</strong></span> 
     </span>
    </p>
   </div>
   <div class='ocr_carea' id='block_1_3' title="bbox 297 1791 1577 2580">
    <p class='ocr_par' dir='ltr' id='par_1_8' title="bbox 297 1791 1577 2580">
     <span class='ocr_line' id='line_1_9' title="bbox 407 1791 1577 1886; baseline 0.009 -31"><span class='ocrx_word' id='word_1_65' title='bbox 407 1792 443 1856; x_wconf 89' lang='lat' dir='ltr'><strong>ln</strong></span> <span class='ocrx_word' id='word_1_66' title='bbox 472 1791 538 1855; x_wconf 90' lang='lat' dir='ltr'><strong>drci</strong></span> <span class='ocrx_word' id='word_1_67' title='bbox 559 1793 629 1878; x_wconf 88' lang='lat' dir='ltr'><strong>sast</strong></span> <span class='ocrx_word' id='word_1_68' title='bbox 664 1793 862 1858; x_wconf 81' lang='lat' dir='ltr'><strong>nrnrn&#39;ttellrar</strong></span> <span class='ocrx_word' id='word_1_69' title='bbox 890 1797 952 1882; x_wconf 78' lang='lat' dir='ltr'><strong>aus</strong></span> <span class='ocrx_word' id='word_1_70' title='bbox 976 1797 1121 1862; x_wconf 81' lang='lat' dir='ltr'><strong>einander</strong></span> <span class='ocrx_word' id='word_1_71' title='bbox 1143 1798 1312 1886; x_wconf 80' lang='lat' dir='ltr'><strong>folgenden</strong></span> <span class='ocrx_word' id='word_1_72' title='bbox 1340 1799 1481 1886; x_wconf 84' lang='lat' dir='ltr'><strong>Briesen,</strong></span> <span class='ocrx_word' id='word_1_73' title='bbox 1514 1823 1577 1865; x_wconf 81' lang='lat' dir='ltr'><strong>arcs·</strong></span> 
     </span>
     <span class='ocr_line' id='line_1_10' title="bbox 302 1877 1573 1972; baseline 0.009 -32"><span class='ocrx_word' id='word_1_74' title='bbox 302 1877 434 1964; x_wconf 55' lang='lat' dir='ltr'><strong>Leipzig,</strong></span> <span class='ocrx_word' id='word_1_75' title='bbox 450 1877 569 1943; x_wconf 87' lang='lat' dir='ltr'><strong>Plnnen</strong></span> <span class='ocrx_word' id='word_1_76' title='bbox 584 1879 648 1943; x_wconf 78' lang='lat' dir='ltr'><strong>tend</strong></span> <span class='ocrx_word' id='word_1_77' title='bbox 662 1879 739 1960; x_wconf 85' lang='lat' dir='ltr'><strong>Jene</strong></span> <span class='ocrx_word' id='word_1_78' title='bbox 755 1880 877 1960; x_wconf 82' lang='lat' dir='ltr'><strong>detlert,</strong></span> <span class='ocrx_word' id='word_1_79' title='bbox 900 1882 982 1946; x_wconf 85' lang='lat' dir='ltr'><strong>wr&#39;rd</strong></span> <span class='ocrx_word' id='word_1_80' title='bbox 996 1883 1044 1947; x_wconf 88' lang='lat' dir='ltr'><strong>dic</strong></span> <span class='ocrx_word' id='word_1_81' title='bbox 1059 1883 1247 1972; x_wconf 82' lang='lat' dir='ltr'><strong>Bestrasnng</strong></span> <span class='ocrx_word' id='word_1_82' title='bbox 1261 1885 1434 1972; x_wconf 83' lang='lat' dir='ltr'><strong>rehrtldr&#39;ger</strong></span> <span class='ocrx_word' id='word_1_83' title='bbox 1450 1886 1573 1952; x_wconf 83' lang='lat' dir='ltr'><strong>Brrider</strong></span> 
     </span>
     <span class='ocr_line' id='line_1_11' title="bbox 300 1965 1570 2061; baseline 0.009 -33"><span class='ocrx_word' id='word_1_84' title='bbox 300 1965 542 2052; x_wconf 81' lang='lat' dir='ltr'><strong>ercsgesproclten.</strong></span> <span class='ocrx_word' id='word_1_85' title='bbox 581 1987 608 2031; x_wconf 90' lang='lat'><strong>1.</strong></span> <span class='ocrx_word' id='word_1_86' title='bbox 633 1967 692 2032; x_wconf 84' lang='lat' dir='ltr'><strong>Et&#39;n</strong></span> <span class='ocrx_word' id='word_1_87' title='bbox 712 1967 891 2034; x_wconf 83' lang='lat' dir='ltr'><strong>Geistliclrcr</strong></span> <span class='ocrx_word' id='word_1_88' title='bbox 913 1969 973 2034; x_wconf 90' lang='lat' dir='ltr'><strong>soll</strong></span> <span class='ocrx_word' id='word_1_89' title='bbox 995 1971 1092 2057; x_wconf 81' lang='lat' dir='ltr'><strong>einige</strong></span> <span class='ocrx_word' id='word_1_90' title='bbox 1107 1970 1173 2038; x_wconf 87' lang='lat' dir='ltr'><strong>Zeit</strong></span> <span class='ocrx_word' id='word_1_91' title='bbox 1197 1974 1238 2036; x_wconf 85' lang='lat' dir='ltr'><strong>im</strong></span> <span class='ocrx_word' id='word_1_92' title='bbox 1257 1972 1429 2060; x_wconf 80' lang='lat' dir='ltr'><strong>Gesdngnis</strong></span> <span class='ocrx_word' id='word_1_93' title='bbox 1473 1987 1570 2061; x_wconf 79' lang='lat' dir='ltr'><strong>cung-</strong></span> 
     </span>
     <span class='ocr_line' id='line_1_12' title="bbox 299 1998 1568 2147; baseline 0.009 -32"><span class='ocrx_word' id='word_1_94' title='bbox 299 2051 400 2132; x_wconf 81' lang='lat' dir='ltr'><strong>tlrnen,</strong></span> <span class='ocrx_word' id='word_1_95' title='bbox 423 2053 507 2117; x_wconf 85' lang='lat' dir='ltr'><strong>darm</strong></span> <span class='ocrx_word' id='word_1_96' title='bbox 523 2055 554 2117; x_wconf 86' lang='lat' dir='ltr'><strong>in</strong></span> <span class='ocrx_word' id='word_1_97' title='bbox 570 2053 617 2117; x_wconf 82' lang='lat' dir='ltr'><strong>die</strong></span> <span class='ocrx_word' id='word_1_98' title='bbox 631 2055 920 2142; x_wconf 84' lang='lat' dir='ltr'><strong>wcr&#39;tcstentlegenen</strong></span> <span class='ocrx_word' id='word_1_99' title='bbox 937 2055 1013 2122; x_wconf 89' lang='lat' dir='ltr'><strong>Orte</strong></span> <span class='ocrx_word' id='word_1_100' title='bbox 1029 2057 1178 2144; x_wconf 79' lang='lat' dir='ltr'><strong>geschiclct</strong></span> <span class='ocrx_word' id='word_1_101' title='bbox 1191 2059 1324 2140; x_wconf 78' lang='lat' dir='ltr'><strong>werden,</strong></span> <span class='ocrx_word' id='word_1_102' title='bbox 1347 2083 1379 2125; x_wconf 90' lang='lat' dir='ltr'><strong>so</strong></span> <span class='ocrx_word' id='word_1_103' title='bbox 1394 1998 1472 2125; x_wconf 67' lang='lat' dir='ltr'><strong>ccccli</strong></span> <span class='ocrx_word' id='word_1_104' title='bbox 1488 2061 1568 2147; x_wconf 83' lang='lat' dir='ltr'><strong>Rign</strong></span> 
     </span>
     <span class='ocr_line' id='line_1_13' title="bbox 299 2139 1567 2218; baseline 0.008 -16"><span class='ocrx_word' id='word_1_105' title='bbox 299 2139 368 2204; x_wconf 90' lang='lat' dir='ltr'><strong>oder</strong></span> <span class='ocrx_word' id='word_1_106' title='bbox 396 2139 608 2218; x_wconf 85' lang='lat' dir='ltr'><strong>Lenwarden;</strong></span> <span class='ocrx_word' id='word_1_107' title='bbox 641 2160 670 2204; x_wconf 89' lang='lat'><strong>2.</strong></span> <span class='ocrx_word' id='word_1_108' title='bbox 699 2141 746 2206; x_wconf 83' lang='lat' dir='ltr'><strong>die</strong></span> <span class='ocrx_word' id='word_1_109' title='bbox 777 2142 940 2208; x_wconf 84' lang='lat' dir='ltr'><strong>Strcdenten</strong></span> <span class='ocrx_word' id='word_1_110' title='bbox 968 2144 1022 2208; x_wconf 83' lang='lat' dir='ltr'><strong>cler</strong></span> <span class='ocrx_word' id='word_1_111' title='bbox 1051 2145 1209 2211; x_wconf 81' lang='lat' dir='ltr'><strong>deutschen</strong></span> <span class='ocrx_word' id='word_1_112' title='bbox 1240 2147 1310 2212; x_wconf 84' lang='lat' dir='ltr'><strong>oder</strong></span> <span class='ocrx_word' id='word_1_113' title='bbox 1340 2147 1468 2212; x_wconf 78' lang='lat' dir='ltr'><strong>mederer</strong></span> <span class='ocrx_word' id='word_1_114' title='bbox 1492 2148 1567 2212; x_wconf 87' lang='lat' dir='ltr'><strong>Pro-</strong></span> 
     </span>
     <span class='ocr_line' id='line_1_14' title="bbox 299 2226 1567 2317; baseline 0.008 -29"><span class='ocrx_word' id='word_1_115' title='bbox 299 2227 417 2311; x_wconf 57' lang='lat' dir='ltr'><strong>vinren,</strong></span> <span class='ocrx_word' id='word_1_116' title='bbox 440 2226 553 2291; x_wconf 79' lang='lat' dir='ltr'><strong>welche</strong></span> <span class='ocrx_word' id='word_1_117' title='bbox 567 2226 630 2292; x_wconf 84' lang='lat' dir='ltr'><strong>se&#39;cb</strong></span> <span class='ocrx_word' id='word_1_118' title='bbox 651 2227 937 2295; x_wconf 79' lang='lat' dir='ltr'><strong>Vertranliclrlreiten</strong></span> <span class='ocrx_word' id='word_1_119' title='bbox 957 2230 1054 2296; x_wconf 86' lang='lat' dir='ltr'><strong>haben</strong></span> <span class='ocrx_word' id='word_1_120' title='bbox 1077 2256 1116 2317; x_wconf 62' lang='lat' dir='ltr'><strong>(n</strong></span> <span class='ocrx_word' id='word_1_121' title='bbox 1137 2232 1280 2298; x_wconf 80' lang='lat' dir='ltr'><strong>sclarrlden</strong></span> <span class='ocrx_word' id='word_1_122' title='bbox 1304 2231 1440 2299; x_wconf 84' lang='lat' dir='ltr'><strong>lorrrtnen</strong></span> <span class='ocrx_word' id='word_1_123' title='bbox 1457 2234 1567 2314; x_wconf 86' lang='lat' dir='ltr'><strong>lassen,</strong></span> 
     </span>
     <span class='ocr_line' id='line_1_15' title="bbox 297 2312 1571 2470; baseline 0.008 -94"><span class='ocrx_word' id='word_1_124' title='bbox 297 2312 392 2377; x_wconf 81' lang='lat' dir='ltr'><strong>tollen</strong></span> <span class='ocrx_word' id='word_1_125' title='bbox 425 2313 502 2378; x_wconf 84' lang='lat' dir='ltr'><strong>nach</strong></span> <span class='ocrx_word' id='word_1_126' title='bbox 534 2313 587 2377; x_wconf 86' lang='lat' dir='ltr'><strong>der</strong></span> <span class='ocrx_word' id='word_1_127' title='bbox 616 2314 838 2381; x_wconf 85' lang='lat' dir='ltr'><strong>Konstitntion:</strong></span> <span class='ocrx_word' id='word_1_128' title='bbox 874 2316 909 2382; x_wconf 80' lang='lat' dir='ltr'><strong>Si</strong></span> <span class='ocrx_word' id='word_1_129' title='bbox 938 2319 1003 2405; x_wconf 83' lang='lat' dir='ltr'><strong>pais</strong></span> <span class='ocrx_word' id='word_1_130' title='bbox 1033 2318 1069 2382; x_wconf 90' lang='lat' dir='ltr'><strong>dc</strong></span> <span class='ocrx_word' id='word_1_131' title='bbox 1099 2331 1234 2470; x_wconf 76' lang='lat' dir='ltr'><strong>suspectu</strong></span> <span class='ocrx_word' id='word_1_132' title='bbox 1267 2320 1394 2407; x_wconf 83' lang='lat' dir='ltr'><strong>destraft</strong></span> <span class='ocrx_word' id='word_1_133' title='bbox 1426 2321 1571 2401; x_wconf 88' lang='lat' dir='ltr'><strong>werden,·</strong></span> 
     </span>
     <span class='ocr_line' id='line_1_16' title="bbox 299 2402 1565 2495; baseline 0.007 -31"><span class='ocrx_word' id='word_1_134' title='bbox 299 2420 328 2483; x_wconf 72' lang='lat' dir='ltr'><strong>j.</strong></span> <span class='ocrx_word' id='word_1_135' title='bbox 353 2403 447 2466; x_wconf 82' lang='lat' dir='ltr'><strong>einern</strong></span> <span class='ocrx_word' id='word_1_136' title='bbox 472 2403 661 2488; x_wconf 83' lang='lat' dir='ltr'><strong>rennnitigen</strong></span> <span class='ocrx_word' id='word_1_137' title='bbox 676 2402 898 2468; x_wconf 79' lang='lat' dir='ltr'><strong>Duruinilrnncr</strong></span> <span class='ocrx_word' id='word_1_138' title='bbox 918 2405 1000 2469; x_wconf 85' lang='lat' dir='ltr'><strong>wirrl</strong></span> <span class='ocrx_word' id='word_1_139' title='bbox 1022 2407 1052 2470; x_wconf 82' lang='lat' dir='ltr'><strong>in</strong></span> <span class='ocrx_word' id='word_1_140' title='bbox 1076 2405 1299 2472; x_wconf 77' lang='lat' dir='ltr'><strong>descrreinletern</strong></span> <span class='ocrx_word' id='word_1_141' title='bbox 1316 2407 1420 2495; x_wconf 84' lang='lat' dir='ltr'><strong>Messe</strong></span> <span class='ocrx_word' id='word_1_142' title='bbox 1442 2408 1490 2473; x_wconf 79' lang='lat' dir='ltr'><strong>elic</strong></span> <span class='ocrx_word' id='word_1_143' title='bbox 1506 2409 1565 2474; x_wconf 80' lang='lat' dir='ltr'><strong>Er·</strong></span> 
     </span>
     <span class='ocr_line' id='line_1_17' title="bbox 299 2485 1353 2580; baseline 0.008 -28"><span class='ocrx_word' id='word_1_144' title='bbox 299 2485 419 2554; x_wconf 86' lang='lat' dir='ltr'><strong>lnnlnis</strong></span> <span class='ocrx_word' id='word_1_145' title='bbox 440 2488 580 2576; x_wconf 78' lang='lat' dir='ltr'><strong>gegeben,</strong></span> <span class='ocrx_word' id='word_1_146' title='bbox 604 2489 716 2555; x_wconf 86' lang='lat' dir='ltr'><strong>wieder</strong></span> <span class='ocrx_word' id='word_1_147' title='bbox 738 2515 776 2575; x_wconf 66' lang='lat' dir='ltr'><strong>an.</strong></span> <span class='ocrx_word' id='word_1_148' title='bbox 794 2491 941 2578; x_wconf 84' lang='lat' dir='ltr'><strong>predigcn</strong></span> <span class='ocrx_word' id='word_1_149' title='bbox 964 2493 1028 2558; x_wconf 86' lang='lat' dir='ltr'><strong>nnd</strong></span> <span class='ocrx_word' id='word_1_150' title='bbox 1048 2493 1168 2559; x_wconf 84' lang='lat' dir='ltr'><strong>Beielrte</strong></span> <span class='ocrx_word' id='word_1_151' title='bbox 1190 2518 1230 2580; x_wconf 63' lang='grc' dir='ltr'><strong>(τι</strong></span> <span class='ocrx_word' id='word_1_152' title='bbox 1252 2495 1353 2560; x_wconf 79' lang='lat' dir='ltr'><strong>hei-ren.</strong></span> 
     </span>
    </p>
   </div>
   <div class='ocr_carea' id='block_1_4' title="bbox 349 2615 613 2623">
    <p class='ocr_par' dir='ltr' id='par_1_9' title="bbox 349 2615 613 2623">
     <span class='ocr_line' id='line_1_18' title="bbox 349 2615 613 2623; baseline 0.015 -4"><span class='ocrx_word' id='word_1_153' title='bbox 349 2615 373 2620; x_wconf 74' lang='grc'><strong>.-.</strong></span> <span class='ocrx_word' id='word_1_154' title='bbox 380 2615 613 2623; x_wconf 70' lang='lat'><strong>...----—.-.-..-—</strong></span> 
     </span>
    </p>
   </div>
   <div class='ocr_carea' id='block_1_5' title="bbox 297 2661 1570 2804">
    <p class='ocr_par' dir='ltr' id='par_1_10' title="bbox 297 2661 1570 2804">
     <span class='ocr_line' id='line_1_19' title="bbox 404 2661 1570 2740; baseline 0.005 -27"><span class='ocrx_word' id='word_1_155' title='bbox 404 2661 460 2716; x_wconf 89' lang='lat' dir='ltr'><strong>Fol.</strong></span> <span class='ocrx_word' id='word_1_156' title='bbox 483 2664 539 2730; x_wconf 84' lang='lat'><strong>185.</strong></span> <span class='ocrx_word' id='word_1_157' title='bbox 575 2663 627 2715; x_wconf 90' lang='lat' dir='ltr'><strong>Die</strong></span> <span class='ocrx_word' id='word_1_158' title='bbox 650 2663 897 2735; x_wconf 84' lang='lat' dir='ltr'><strong>Ausstellungsorte</strong></span> <span class='ocrx_word' id='word_1_159' title='bbox 922 2665 1070 2733; x_wconf 85' lang='lat' dir='ltr'><strong>beweisen,</strong></span> <span class='ocrx_word' id='word_1_160' title='bbox 1094 2667 1150 2720; x_wconf 86' lang='lat' dir='ltr'><strong>dass</strong></span> <span class='ocrx_word' id='word_1_161' title='bbox 1174 2667 1275 2720; x_wconf 83' lang='lat' dir='ltr'><strong>damals</strong></span> <span class='ocrx_word' id='word_1_162' title='bbox 1294 2667 1430 2721; x_wconf 87' lang='lat' dir='ltr'><strong>Hermann</strong></span> <span class='ocrx_word' id='word_1_163' title='bbox 1455 2669 1570 2740; x_wconf 67' lang='lat' dir='ltr'><strong>lingere.</strong></span> 
     </span>
     <span class='ocr_line' id='line_1_20' title="bbox 297 2749 649 2804; baseline 0.009 -4"><span class='ocrx_word' id='word_1_164' title='bbox 297 2749 351 2801; x_wconf 91' lang='lat' dir='ltr'><strong>Zeit</strong></span> <span class='ocrx_word' id='word_1_165' title='bbox 370 2749 396 2800; x_wconf 92' lang='lat' dir='ltr'><strong>in</strong></span> <span class='ocrx_word' id='word_1_166' title='bbox 415 2749 533 2802; x_wconf 87' lang='lat' dir='ltr'><strong>Saclrsen</strong></span> <span class='ocrx_word' id='word_1_167' title='bbox 552 2750 649 2804; x_wconf 84' lang='lat' dir='ltr'><strong>weilte.</strong></span> 
     </span>
    </p>
   </div>
   <div class='ocr_carea' id='block_1_6' title="bbox 895 2937 962 3007">
    <p class='ocr_par' dir='ltr' id='par_1_11' title="bbox 895 2937 962 3007">
     <span class='ocr_line' id='line_1_21' title="bbox 895 2937 962 3007; baseline 0.015 -1"><span class='ocrx_word' id='word_1_168' title='bbox 895 2937 962 3007; x_wconf 82' lang='grc'><strong>146.</strong></span> 
     </span>
    </p>
   </div>
   <div class='ocr_carea' id='block_1_7' title="bbox 292 3056 1564 3244">
    <p class='ocr_par' dir='ltr' id='par_1_12' title="bbox 292 3056 1564 3244">
     <span class='ocr_line' id='line_1_22' title="bbox 399 3056 1564 3154; baseline 0.001 -24"><span class='ocrx_word' id='word_1_169' title='bbox 399 3065 578 3151; x_wconf 66' lang='lat' dir='ltr'><strong>Prooinp&#39;nl</strong></span> <span class='ocrx_word' id='word_1_170' title='bbox 593 3062 784 3154; x_wconf 86' lang='lat' dir='ltr'><strong>(Hermann)</strong></span> <span class='ocrx_word' id='word_1_171' title='bbox 801 3056 951 3128; x_wconf 82' lang='lat' dir='ltr'><strong>destirumt</strong></span> <span class='ocrx_word' id='word_1_172' title='bbox 970 3063 1018 3128; x_wconf 86' lang='lat' dir='ltr'><strong>die</strong></span> <span class='ocrx_word' id='word_1_173' title='bbox 1034 3063 1179 3150; x_wconf 78' lang='lat' dir='ltr'><strong>Abgnben</strong></span> <span class='ocrx_word' id='word_1_174' title='bbox 1202 3066 1252 3130; x_wconf 85' lang='lat' dir='ltr'><strong>des</strong></span> <span class='ocrx_word' id='word_1_175' title='bbox 1269 3065 1404 3131; x_wconf 85' lang='lat' dir='ltr'><strong>Klosters</strong></span> <span class='ocrx_word' id='word_1_176' title='bbox 1425 3067 1467 3130; x_wconf 85' lang='lat' dir='ltr'><em>W</em></span> <span class='ocrx_word' id='word_1_177' title='bbox 1466 3066 1564 3132; x_wconf 80' lang='lat' dir='ltr'><strong>leder·</strong></span> 
     </span>
     <span class='ocr_line' id='line_1_23' title="bbox 292 3149 1512 3244; baseline 0.002 -29"><span class='ocrx_word' id='word_1_178' title='bbox 292 3151 366 3216; x_wconf 81' lang='lat' dir='ltr'><strong>stedt</strong></span> <span class='ocrx_word' id='word_1_179' title='bbox 382 3155 445 3240; x_wconf 79' lang='lat' dir='ltr'><strong>fiir</strong></span> <span class='ocrx_word' id='word_1_180' title='bbox 467 3154 522 3218; x_wconf 88' lang='lat' dir='ltr'><strong>dns</strong></span> <span class='ocrx_word' id='word_1_181' title='bbox 545 3151 786 3240; x_wconf 83' lang='lat' dir='ltr'><strong>neugegrrindete</strong></span> <span class='ocrx_word' id='word_1_182' title='bbox 810 3149 1048 3216; x_wconf 78' lang='lat' dir='ltr'><strong>Nikolailloster</strong></span> <span class='ocrx_word' id='word_1_183' title='bbox 1071 3155 1103 3216; x_wconf 86' lang='lat' dir='ltr'><strong>in</strong></span> <span class='ocrx_word' id='word_1_184' title='bbox 1126 3152 1338 3218; x_wconf 81' lang='lat' dir='ltr'><strong>Halberstarlt.</strong></span> <span class='ocrx_word' id='word_1_185' title='bbox 1385 3151 1512 3244; x_wconf 83' lang='lat'><em>(1289.)</em></span> 
     </span>
    </p>
   </div>
   <div class='ocr_carea' id='block_1_8' title="bbox 283 3253 1566 5002">
    <p class='ocr_par' dir='ltr' id='par_1_13' title="bbox 283 3253 1566 5002">
     <span class='ocr_line' id='line_1_24' title="bbox 398 3253 1566 3345; baseline -0.002 -21"><span class='ocrx_word' id='word_1_186' title='bbox 398 3257 547 3339; x_wconf 89' lang='lat' dir='ltr'><strong>Quedam</strong></span> <span class='ocrx_word' id='word_1_187' title='bbox 576 3256 769 3344; x_wconf 84' lang='lat' dir='ltr'><strong>compositio</strong></span> <span class='ocrx_word' id='word_1_188' title='bbox 802 3257 884 3321; x_wconf 89' lang='lat' dir='ltr'><strong>inter</strong></span> <span class='ocrx_word' id='word_1_189' title='bbox 913 3253 978 3320; x_wconf 92' lang='lat' dir='ltr'><strong>duo</strong></span> <span class='ocrx_word' id='word_1_190' title='bbox 1008 3254 1139 3323; x_wconf 87' lang='lat' dir='ltr'><strong>claustra</strong></span> <span class='ocrx_word' id='word_1_191' title='bbox 1173 3281 1321 3324; x_wconf 91' lang='lat' dir='ltr'><strong>sororum</strong></span> <span class='ocrx_word' id='word_1_192' title='bbox 1351 3258 1566 3345; x_wconf 91' lang='lat' dir='ltr'><strong>provincialis..</strong></span> 
     </span>
     <span class='ocr_line' id='line_1_25' title="bbox 293 3345 1560 3435; baseline 0 -23"><span class='ocrx_word' id='word_1_193' title='bbox 293 3345 452 3413; x_wconf 84' lang='lat' dir='ltr'><strong>Omnibus</strong></span> <span class='ocrx_word' id='word_1_194' title='bbox 481 3369 610 3434; x_wconf 89' lang='lat' dir='ltr'><strong>presens</strong></span> <span class='ocrx_word' id='word_1_195' title='bbox 639 3346 788 3432; x_wconf 89' lang='lat' dir='ltr'><strong>scriptum</strong></span> <span class='ocrx_word' id='word_1_196' title='bbox 820 3345 931 3409; x_wconf 87' lang='lat' dir='ltr'><strong>visuris</strong></span> <span class='ocrx_word' id='word_1_197' title='bbox 961 3355 1019 3410; x_wconf 89' lang='lat' dir='ltr'><strong>etc.</strong></span> <span class='ocrx_word' id='word_1_198' title='bbox 1071 3345 1194 3412; x_wconf 89' lang='lat' dir='ltr'><strong>Notum</strong></span> <span class='ocrx_word' id='word_1_199' title='bbox 1225 3369 1294 3412; x_wconf 90' lang='lat' dir='ltr'><strong>esse</strong></span> <span class='ocrx_word' id='word_1_200' title='bbox 1322 3347 1431 3433; x_wconf 89' lang='lat' dir='ltr'><strong>cupi0,</strong></span> <span class='ocrx_word' id='word_1_201' title='bbox 1462 3345 1560 3435; x_wconf 93' lang='lat' dir='ltr'><strong>quod,</strong></span> 
     </span>
     <span class='ocr_line' id='line_1_26' title="bbox 292 3429 1559 3520; baseline 0 -20"><span class='ocrx_word' id='word_1_202' title='bbox 292 3458 364 3500; x_wconf 90' lang='lat' dir='ltr'><strong>cum</strong></span> <span class='ocrx_word' id='word_1_203' title='bbox 394 3436 476 3501; x_wconf 90' lang='lat' dir='ltr'><strong>inter</strong></span> <span class='ocrx_word' id='word_1_204' title='bbox 504 3457 631 3501; x_wconf 90' lang='lat' dir='ltr'><strong>sorores</strong></span> <span class='ocrx_word' id='word_1_205' title='bbox 664 3433 703 3499; x_wconf 89' lang='lat' dir='ltr'><strong>de</strong></span> <span class='ocrx_word' id='word_1_206' title='bbox 728 3429 939 3497; x_wconf 88' lang='lat' dir='ltr'><strong>Wederstede</strong></span> <span class='ocrx_word' id='word_1_207' title='bbox 969 3455 1007 3497; x_wconf 86' lang='lat' dir='ltr'><strong>ex</strong></span> <span class='ocrx_word' id='word_1_208' title='bbox 1036 3445 1123 3520; x_wconf 92' lang='lat' dir='ltr'><strong>parte</strong></span> <span class='ocrx_word' id='word_1_209' title='bbox 1152 3449 1214 3500; x_wconf 87' lang='lat' dir='ltr'><strong>una</strong></span> <span class='ocrx_word' id='word_1_210' title='bbox 1244 3445 1275 3500; x_wconf 86' lang='lat' dir='ltr'><strong>et</strong></span> <span class='ocrx_word' id='word_1_211' title='bbox 1304 3457 1432 3500; x_wconf 89' lang='lat' dir='ltr'><strong>sorores</strong></span> <span class='ocrx_word' id='word_1_212' title='bbox 1460 3438 1559 3502; x_wconf 88' lang='lat' dir='ltr'><strong>sancti</strong></span> 
     </span>
     <span class='ocr_line' id='line_1_27' title="bbox 291 3519 1559 3612; baseline 0 -23"><span class='ocrx_word' id='word_1_213' title='bbox 291 3522 424 3612; x_wconf 87' lang='lat' dir='ltr'><strong>Nycolai</strong></span> <span class='ocrx_word' id='word_1_214' title='bbox 440 3525 472 3589; x_wconf 94' lang='lat' dir='ltr'><strong>in</strong></span> <span class='ocrx_word' id='word_1_215' title='bbox 490 3519 724 3610; x_wconf 87' lang='lat' dir='ltr'><strong>Hai(berstadt)</strong></span> <span class='ocrx_word' id='word_1_216' title='bbox 742 3545 780 3586; x_wconf 81' lang='lat' dir='ltr'><strong>ex</strong></span> <span class='ocrx_word' id='word_1_217' title='bbox 797 3537 883 3605; x_wconf 91' lang='lat' dir='ltr'><strong>parte</strong></span> <span class='ocrx_word' id='word_1_218' title='bbox 907 3519 1002 3585; x_wconf 88' lang='lat' dir='ltr'><strong>altera</strong></span> <span class='ocrx_word' id='word_1_219' title='bbox 1018 3523 1142 3608; x_wconf 88' lang='lat' dir='ltr'><strong>questio</strong></span> <span class='ocrx_word' id='word_1_220' title='bbox 1159 3533 1332 3588; x_wconf 89' lang='lat' dir='ltr'><strong>verteretur</strong></span> <span class='ocrx_word' id='word_1_221' title='bbox 1349 3520 1387 3588; x_wconf 92' lang='lat' dir='ltr'><strong>de</strong></span> <span class='ocrx_word' id='word_1_222' title='bbox 1405 3525 1559 3609; x_wconf 86' lang='lat' dir='ltr'><strong>porcione</strong></span> 
     </span>
     <span class='ocr_line' id='line_1_28' title="bbox 291 3608 1556 3698; baseline 0.001 -23"><span class='ocrx_word' id='word_1_223' title='bbox 291 3609 460 3692; x_wconf 91' lang='lat' dir='ltr'><strong>bonorum,</strong></span> <span class='ocrx_word' id='word_1_224' title='bbox 484 3634 577 3698; x_wconf 93' lang='lat' dir='ltr'><strong>quam</strong></span> <span class='ocrx_word' id='word_1_225' title='bbox 595 3609 653 3674; x_wconf 93' lang='lat' dir='ltr'><strong>sibi</strong></span> <span class='ocrx_word' id='word_1_226' title='bbox 672 3609 751 3674; x_wconf 85' lang='lat' dir='ltr'><strong>solvi</strong></span> <span class='ocrx_word' id='word_1_227' title='bbox 770 3620 800 3674; x_wconf 90' lang='lat' dir='ltr'><strong>et</strong></span> <span class='ocrx_word' id='word_1_228' title='bbox 824 3608 974 3693; x_wconf 87' lang='lat' dir='ltr'><strong>assignari</strong></span> <span class='ocrx_word' id='word_1_229' title='bbox 991 3608 1139 3694; x_wconf 92' lang='lat' dir='ltr'><strong>petebant</strong></span> <span class='ocrx_word' id='word_1_230' title='bbox 1163 3632 1290 3675; x_wconf 91' lang='lat' dir='ltr'><strong>sorores</strong></span> <span class='ocrx_word' id='word_1_231' title='bbox 1307 3611 1405 3675; x_wconf 88' lang='lat' dir='ltr'><strong>sancti</strong></span> <span class='ocrx_word' id='word_1_232' title='bbox 1421 3610 1556 3698; x_wconf 83' lang='lat' dir='ltr'><strong>Nycolai</strong></span> 
     </span>
     <span class='ocr_line' id='line_1_29' title="bbox 289 3695 1557 3782; baseline 0.001 -20"><span class='ocrx_word' id='word_1_233' title='bbox 289 3721 305 3762; x_wconf 87' lang='lat' dir='ltr'><strong>a</strong></span> <span class='ocrx_word' id='word_1_234' title='bbox 329 3697 490 3764; x_wconf 91' lang='lat' dir='ltr'><strong>sororibus</strong></span> <span class='ocrx_word' id='word_1_235' title='bbox 514 3697 553 3764; x_wconf 90' lang='lat' dir='ltr'><strong>de</strong></span> <span class='ocrx_word' id='word_1_236' title='bbox 575 3695 800 3775; x_wconf 86' lang='lat' dir='ltr'><strong>Wederstede,</strong></span> <span class='ocrx_word' id='word_1_237' title='bbox 831 3717 889 3780; x_wconf 93' lang='lat' dir='ltr'><strong>pro</strong></span> <span class='ocrx_word' id='word_1_238' title='bbox 914 3706 1045 3782; x_wconf 88' lang='lat' dir='ltr'><strong>utraque</strong></span> <span class='ocrx_word' id='word_1_239' title='bbox 1073 3715 1160 3782; x_wconf 90' lang='lat' dir='ltr'><strong>parte</strong></span> <span class='ocrx_word' id='word_1_240' title='bbox 1185 3699 1216 3761; x_wconf 93' lang='lat' dir='ltr'><strong>in</strong></span> <span class='ocrx_word' id='word_1_241' title='bbox 1248 3721 1301 3762; x_wconf 89' lang='lat' dir='ltr'><strong>me</strong></span> <span class='ocrx_word' id='word_1_242' title='bbox 1325 3698 1442 3763; x_wconf 80' lang='lat' dir='ltr'><strong>exstitit</strong></span> <span class='ocrx_word' id='word_1_243' title='bbox 1469 3721 1557 3763; x_wconf 91' lang='lat' dir='ltr'><strong>com-</strong></span> 
     </span>
     <span class='ocr_line' id='line_1_30' title="bbox 288 3780 1556 3872; baseline 0.001 -23"><span class='ocrx_word' id='word_1_244' title='bbox 288 3787 497 3872; x_wconf 90' lang='lat' dir='ltr'><strong>promissum,</strong></span> <span class='ocrx_word' id='word_1_245' title='bbox 527 3795 680 3872; x_wconf 89' lang='lat' dir='ltr'><strong>quatenus</strong></span> <span class='ocrx_word' id='word_1_246' title='bbox 711 3783 793 3849; x_wconf 82' lang='lat' dir='ltr'><strong>iuxta</strong></span> <span class='ocrx_word' id='word_1_247' title='bbox 817 3783 944 3866; x_wconf 92' lang='lat' dir='ltr'><strong>proprie</strong></span> <span class='ocrx_word' id='word_1_248' title='bbox 969 3780 1202 3848; x_wconf 81' lang='lat' dir='ltr'><strong>deliberationis</strong></span> <span class='ocrx_word' id='word_1_249' title='bbox 1230 3784 1391 3850; x_wconf 90' lang='lat' dir='ltr'><strong>arbitrium</strong></span> <span class='ocrx_word' id='word_1_250' title='bbox 1416 3807 1466 3866; x_wconf 87' lang='lat' dir='ltr'><strong>ea,</strong></span> <span class='ocrx_word' id='word_1_251' title='bbox 1495 3809 1556 3872; x_wconf 87' lang='lat' dir='ltr'><strong>que</strong></span> 
     </span>
     <span class='ocr_line' id='line_1_31' title="bbox 286 3868 1562 3959; baseline 0.001 -22"><span class='ocrx_word' id='word_1_252' title='bbox 286 3873 370 3959; x_wconf 89' lang='lat' dir='ltr'><strong>pacis</strong></span> <span class='ocrx_word' id='word_1_253' title='bbox 394 3883 477 3953; x_wconf 91' lang='lat' dir='ltr'><strong>sunt,</strong></span> <span class='ocrx_word' id='word_1_254' title='bbox 502 3871 705 3958; x_wconf 86' lang='lat' dir='ltr'><strong>disponerem</strong></span> <span class='ocrx_word' id='word_1_255' title='bbox 730 3871 812 3936; x_wconf 91' lang='lat' dir='ltr'><strong>inter</strong></span> <span class='ocrx_word' id='word_1_256' title='bbox 836 3869 926 3955; x_wconf 88' lang='lat' dir='ltr'><strong>ipsas.</strong></span> <span class='ocrx_word' id='word_1_257' title='bbox 966 3868 1118 3935; x_wconf 82' lang='lat' dir='ltr'><strong>Adlribito</strong></span> <span class='ocrx_word' id='word_1_258' title='bbox 1143 3871 1237 3956; x_wconf 87' lang='lat' dir='ltr'><strong>igitur</strong></span> <span class='ocrx_word' id='word_1_259' title='bbox 1253 3869 1462 3937; x_wconf 89' lang='lat' dir='ltr'><strong>discretorum</strong></span> <span class='ocrx_word' id='word_1_260' title='bbox 1480 3894 1562 3938; x_wconf 79' lang='lat' dir='ltr'><strong>con·</strong></span> 
     </span>
     <span class='ocr_line' id='line_1_32' title="bbox 286 3955 1554 4044; baseline 0 -20"><span class='ocrx_word' id='word_1_261' title='bbox 286 3959 356 4024; x_wconf 89' lang='lat' dir='ltr'><strong>silio</strong></span> <span class='ocrx_word' id='word_1_262' title='bbox 385 3959 486 4024; x_wconf 89' lang='lat' dir='ltr'><strong>taliter</strong></span> <span class='ocrx_word' id='word_1_263' title='bbox 509 3958 668 4039; x_wconf 84' lang='lat' dir='ltr'><strong>ordinavi,</strong></span> <span class='ocrx_word' id='word_1_264' title='bbox 700 3956 787 4044; x_wconf 92' lang='lat' dir='ltr'><strong>quod</strong></span> <span class='ocrx_word' id='word_1_265' title='bbox 818 3956 913 4020; x_wconf 86' lang='lat' dir='ltr'><strong>cassis</strong></span> <span class='ocrx_word' id='word_1_266' title='bbox 941 3955 1090 4022; x_wconf 88' lang='lat' dir='ltr'><strong>omnibns</strong></span> <span class='ocrx_word' id='word_1_267' title='bbox 1118 3956 1287 4042; x_wconf 89' lang='lat' dir='ltr'><strong>prehabitis</strong></span> <span class='ocrx_word' id='word_1_268' title='bbox 1316 3957 1496 4024; x_wconf 89' lang='lat' dir='ltr'><strong>tractatibus</strong></span> <span class='ocrx_word' id='word_1_269' title='bbox 1525 3978 1554 4024; x_wconf 87' lang='lat' dir='ltr'><strong>er</strong></span> 
     </span>
     <span class='ocr_line' id='line_1_33' title="bbox 286 4040 1561 4130; baseline 0.002 -22"><span class='ocrx_word' id='word_1_270' title='bbox 286 4046 503 4110; x_wconf 86' lang='lat' dir='ltr'><strong>instrumentis</strong></span> <span class='ocrx_word' id='word_1_271' title='bbox 527 4068 655 4111; x_wconf 84' lang='lat' dir='ltr'><strong>sorores</strong></span> <span class='ocrx_word' id='word_1_272' title='bbox 680 4044 718 4109; x_wconf 89' lang='lat' dir='ltr'><strong>de</strong></span> <span class='ocrx_word' id='word_1_273' title='bbox 742 4040 990 4128; x_wconf 58' lang='lat' dir='ltr'><strong>wederstede)</strong></span> <span class='ocrx_word' id='word_1_274' title='bbox 1014 4045 1177 4108; x_wconf 87' lang='lat' dir='ltr'><strong>sororibus</strong></span> <span class='ocrx_word' id='word_1_275' title='bbox 1206 4042 1244 4108; x_wconf 91' lang='lat' dir='ltr'><strong>de</strong></span> <span class='ocrx_word' id='word_1_276' title='bbox 1273 4063 1384 4108; x_wconf 91' lang='lat' dir='ltr'><strong>sancto</strong></span> <span class='ocrx_word' id='word_1_277' title='bbox 1407 4043 1561 4130; x_wconf 90' lang='lat' dir='ltr'><strong>Nycolao</strong></span> 
     </span>
     <span class='ocr_line' id='line_1_34' title="bbox 287 4128 1554 4216; baseline 0 -20"><span class='ocrx_word' id='word_1_278' title='bbox 287 4131 447 4197; x_wconf 87' lang='lat' dir='ltr'><strong>solverent</strong></span> <span class='ocrx_word' id='word_1_279' title='bbox 470 4131 548 4196; x_wconf 87' lang='lat' dir='ltr'><strong>infra</strong></span> <span class='ocrx_word' id='word_1_280' title='bbox 571 4154 691 4196; x_wconf 92' lang='lat' dir='ltr'><strong>annum</strong></span> <span class='ocrx_word' id='word_1_281' title='bbox 715 4131 902 4195; x_wconf 87' lang='lat' dir='ltr'><strong>continuum</strong></span> <span class='ocrx_word' id='word_1_282' title='bbox 927 4150 945 4191; x_wconf 90' lang='lat' dir='ltr'><strong>a</strong></span> <span class='ocrx_word' id='word_1_283' title='bbox 968 4141 1114 4214; x_wconf 90' lang='lat' dir='ltr'><strong>tempore</strong></span> <span class='ocrx_word' id='word_1_284' title='bbox 1132 4128 1202 4195; x_wconf 90' lang='lat' dir='ltr'><strong>date</strong></span> <span class='ocrx_word' id='word_1_285' title='bbox 1226 4130 1425 4216; x_wconf 88' lang='lat' dir='ltr'><strong>presencium</strong></span> <span class='ocrx_word' id='word_1_286' title='bbox 1446 4153 1554 4196; x_wconf 90' lang='lat' dir='ltr'><strong>recen·</strong></span> 
     </span>
     <span class='ocr_line' id='line_1_35' title="bbox 286 4214 1551 4301; baseline -0.001 -19"><span class='ocrx_word' id='word_1_287' title='bbox 286 4216 418 4282; x_wconf 91' lang='lat' dir='ltr'><strong>sendum</strong></span> <span class='ocrx_word' id='word_1_288' title='bbox 432 4218 490 4282; x_wconf 91' lang='lat' dir='ltr'><strong>LX</strong></span> <span class='ocrx_word' id='word_1_289' title='bbox 503 4241 622 4283; x_wconf 89' lang='lat' dir='ltr'><strong>marcas</strong></span> <span class='ocrx_word' id='word_1_290' title='bbox 636 4216 805 4282; x_wconf 85' lang='lat' dir='ltr'><strong>examinati</strong></span> <span class='ocrx_word' id='word_1_291' title='bbox 817 4215 950 4299; x_wconf 87' lang='lat' dir='ltr'><strong>argenti,</strong></span> <span class='ocrx_word' id='word_1_292' title='bbox 967 4215 1031 4278; x_wconf 88' lang='lat' dir='ltr'><strong>XX</strong></span> <span class='ocrx_word' id='word_1_293' title='bbox 1044 4236 1172 4300; x_wconf 86' lang='lat' dir='ltr'><strong>porcos,</strong></span> <span class='ocrx_word' id='word_1_294' title='bbox 1189 4216 1246 4280; x_wconf 81' lang='lat'><em>1111</em></span> <span class='ocrx_word' id='word_1_295' title='bbox 1258 4214 1406 4301; x_wconf 81' lang='lat' dir='ltr'><strong>pecudeS,</strong></span> <span class='ocrx_word' id='word_1_296' title='bbox 1424 4228 1551 4282; x_wconf 90' lang='lat' dir='ltr'><strong>centum</strong></span> 
     </span>
     <span class='ocr_line' id='line_1_36' title="bbox 286 4301 1552 4391; baseline -0.001 -22"><span class='ocrx_word' id='word_1_297' title='bbox 286 4328 373 4370; x_wconf 78' lang='lat' dir='ltr'><strong>oves</strong></span> <span class='ocrx_word' id='word_1_298' title='bbox 409 4305 446 4370; x_wconf 86' lang='lat' dir='ltr'><strong>Et</strong></span> <span class='ocrx_word' id='word_1_299' title='bbox 467 4315 501 4370; x_wconf 88' lang='lat' dir='ltr'><strong>ut</strong></span> <span class='ocrx_word' id='word_1_300' title='bbox 524 4306 677 4391; x_wconf 87' lang='lat' dir='ltr'><strong>premissa</strong></span> <span class='ocrx_word' id='word_1_301' title='bbox 697 4302 836 4369; x_wconf 88' lang='lat' dir='ltr'><strong>debitum</strong></span> <span class='ocrx_word' id='word_1_302' title='bbox 861 4301 1032 4366; x_wconf 89' lang='lat' dir='ltr'><strong>sortiantur</strong></span> <span class='ocrx_word' id='word_1_303' title='bbox 1051 4301 1210 4382; x_wconf 84' lang='lat' dir='ltr'><strong>effectum,</strong></span> <span class='ocrx_word' id='word_1_304' title='bbox 1233 4301 1399 4368; x_wconf 83' lang='lat' dir='ltr'><strong>karissimo</strong></span> <span class='ocrx_word' id='word_1_305' title='bbox 1421 4303 1499 4369; x_wconf 90' lang='lat' dir='ltr'><strong>mihi</strong></span> <span class='ocrx_word' id='word_1_306' title='bbox 1520 4304 1552 4368; x_wconf 92' lang='lat' dir='ltr'><strong>in</strong></span> 
     </span>
     <span class='ocr_line' id='line_1_37' title="bbox 287 4389 1553 4540; baseline -0.002 -82"><span class='ocrx_word' id='word_1_307' title='bbox 287 4391 415 4458; x_wconf 90' lang='lat' dir='ltr'><strong>Christo</strong></span> <span class='ocrx_word' id='word_1_308' title='bbox 433 4444 439 4457; x_wconf 92' lang='lat'><strong>.</strong></span> <span class='ocrx_word' id='word_1_309' title='bbox 459 4444 465 4456; x_wconf 92' lang='lat'><strong>.</strong></span> <span class='ocrx_word' id='word_1_310' title='bbox 482 4393 577 4479; x_wconf 90' lang='lat' dir='ltr'><strong>priori</strong></span> <span class='ocrx_word' id='word_1_311' title='bbox 592 4390 848 4458; x_wconf 90' lang='lat' dir='ltr'><strong>Halberstadensi</strong></span> <span class='ocrx_word' id='word_1_312' title='bbox 865 4389 1036 4454; x_wconf 86' lang='lat' dir='ltr'><strong>committo</strong></span> <span class='ocrx_word' id='word_1_313' title='bbox 1053 4390 1238 4456; x_wconf 87' lang='lat' dir='ltr'><strong>auctoritate</strong></span> <span class='ocrx_word' id='word_1_314' title='bbox 1255 4391 1455 4540; x_wconf 89' lang='lat' dir='ltr'><strong>presencium</strong></span> <span class='ocrx_word' id='word_1_315' title='bbox 1468 4392 1553 4457; x_wconf 88' lang='lat' dir='ltr'><strong>vices</strong></span> 
     </span>
     <span class='ocr_line' id='line_1_38' title="bbox 285 4473 1551 4566; baseline -0.001 -23"><span class='ocrx_word' id='word_1_316' title='bbox 285 4501 383 4560; x_wconf 87' lang='lat' dir='ltr'><strong>meas,</strong></span> <span class='ocrx_word' id='word_1_317' title='bbox 400 4490 550 4566; x_wconf 89' lang='lat' dir='ltr'><strong>quatenus</strong></span> <span class='ocrx_word' id='word_1_318' title='bbox 567 4490 670 4566; x_wconf 90' lang='lat' dir='ltr'><strong>partes</strong></span> <span class='ocrx_word' id='word_1_319' title='bbox 687 4477 725 4544; x_wconf 91' lang='lat' dir='ltr'><strong>ad</strong></span> <span class='ocrx_word' id='word_1_320' title='bbox 743 4477 981 4543; x_wconf 88' lang='lat' dir='ltr'><strong>observanciam</strong></span> <span class='ocrx_word' id='word_1_321' title='bbox 998 4473 1115 4542; x_wconf 86' lang='lat' dir='ltr'><strong>arbitrii</strong></span> <span class='ocrx_word' id='word_1_322' title='bbox 1131 4477 1257 4563; x_wconf 89' lang='lat' dir='ltr'><strong>compel</strong></span> <span class='ocrx_word' id='word_1_323' title='bbox 1270 4489 1300 4543; x_wconf 91' lang='lat' dir='ltr'><strong>at</strong></span> <span class='ocrx_word' id='word_1_324' title='bbox 1316 4500 1372 4563; x_wconf 92' lang='lat' dir='ltr'><strong>per</strong></span> <span class='ocrx_word' id='word_1_325' title='bbox 1386 4500 1551 4542; x_wconf 90' lang='lat' dir='ltr'><strong>censuram</strong></span> 
     </span>
     <span class='ocr_line' id='line_1_39' title="bbox 284 4561 1553 4652; baseline -0.003 -18"><span class='ocrx_word' id='word_1_326' title='bbox 284 4565 429 4634; x_wconf 82' lang='lat' dir='ltr'><strong>uidelicet</strong></span> <span class='ocrx_word' id='word_1_327' title='bbox 451 4566 637 4652; x_wconf 87' lang='lat' dir='ltr'><strong>regularem.</strong></span> <span class='ocrx_word' id='word_1_328' title='bbox 672 4567 773 4631; x_wconf 89' lang='lat' dir='ltr'><strong>Porro</strong></span> <span class='ocrx_word' id='word_1_329' title='bbox 790 4566 870 4630; x_wconf 88' lang='lat' dir='ltr'><strong>sicut</strong></span> <span class='ocrx_word' id='word_1_330' title='bbox 893 4585 1020 4628; x_wconf 91' lang='lat' dir='ltr'><strong>sorores</strong></span> <span class='ocrx_word' id='word_1_331' title='bbox 1045 4561 1084 4628; x_wconf 92' lang='lat' dir='ltr'><strong>de</strong></span> <span class='ocrx_word' id='word_1_332' title='bbox 1101 4562 1311 4630; x_wconf 89' lang='lat' dir='ltr'><strong>Wedersrede</strong></span> <span class='ocrx_word' id='word_1_333' title='bbox 1335 4587 1402 4628; x_wconf 92' lang='lat' dir='ltr'><strong>non</strong></span> <span class='ocrx_word' id='word_1_334' title='bbox 1418 4576 1553 4650; x_wconf 90' lang='lat' dir='ltr'><strong>possunt</strong></span> 
     </span>
     <span class='ocr_line' id='line_1_40' title="bbox 284 4649 1553 4740; baseline -0.005 -18"><span class='ocrx_word' id='word_1_335' title='bbox 284 4676 399 4740; x_wconf 89' lang='lat' dir='ltr'><strong>augere</strong></span> <span class='ocrx_word' id='word_1_336' title='bbox 415 4677 583 4720; x_wconf 89' lang='lat' dir='ltr'><strong>numerum</strong></span> <span class='ocrx_word' id='word_1_337' title='bbox 595 4653 632 4719; x_wconf 94' lang='lat' dir='ltr'><strong>ab</strong></span> <span class='ocrx_word' id='word_1_338' title='bbox 649 4655 723 4740; x_wconf 93' lang='lat' dir='ltr'><strong>ipsis</strong></span> <span class='ocrx_word' id='word_1_339' title='bbox 736 4650 964 4727; x_wconf 90' lang='lat' dir='ltr'><strong>recedentium,</strong></span> <span class='ocrx_word' id='word_1_340' title='bbox 981 4649 1085 4736; x_wconf 91' lang='lat' dir='ltr'><strong>plures</strong></span> <span class='ocrx_word' id='word_1_341' title='bbox 1096 4649 1353 4732; x_wconf 89' lang='lat' dir='ltr'><strong>transmittendo,</strong></span> <span class='ocrx_word' id='word_1_342' title='bbox 1370 4651 1411 4716; x_wconf 89' lang='lat' dir='ltr'><strong>ita</strong></span> <span class='ocrx_word' id='word_1_343' title='bbox 1423 4673 1553 4716; x_wconf 91' lang='lat' dir='ltr'><strong>sorores</strong></span> 
     </span>
     <span class='ocr_line' id='line_1_41' title="bbox 284 4736 1554 4829; baseline -0.005 -21"><span class='ocrx_word' id='word_1_344' title='bbox 284 4741 382 4810; x_wconf 88' lang='lat' dir='ltr'><strong>sancti</strong></span> <span class='ocrx_word' id='word_1_345' title='bbox 406 4740 539 4828; x_wconf 90' lang='lat' dir='ltr'><strong>Nycolai</strong></span> <span class='ocrx_word' id='word_1_346' title='bbox 562 4743 697 4829; x_wconf 85' lang='lat' dir='ltr'><strong>aspirare</strong></span> <span class='ocrx_word' id='word_1_347' title='bbox 721 4763 787 4805; x_wconf 93' lang='lat' dir='ltr'><strong>non</strong></span> <span class='ocrx_word' id='word_1_348' title='bbox 812 4737 929 4804; x_wconf 91' lang='lat' dir='ltr'><strong>debent</strong></span> <span class='ocrx_word' id='word_1_349' title='bbox 951 4741 989 4802; x_wconf 90' lang='lat' dir='ltr'><strong>ad</strong></span> <span class='ocrx_word' id='word_1_350' title='bbox 1013 4736 1165 4818; x_wconf 91' lang='lat' dir='ltr'><strong>reditum,</strong></span> <span class='ocrx_word' id='word_1_351' title='bbox 1189 4737 1314 4817; x_wconf 88' lang='lat' dir='ltr'><strong>locum,</strong></span> <span class='ocrx_word' id='word_1_352' title='bbox 1343 4760 1440 4825; x_wconf 92' lang='lat' dir='ltr'><strong>quem</strong></span> <span class='ocrx_word' id='word_1_353' title='bbox 1464 4737 1554 4803; x_wconf 90' lang='lat' dir='ltr'><strong>inco·</strong></span> 
     </span>
     <span class='ocr_line' id='line_1_42' title="bbox 283 4821 1555 4913; baseline -0.006 -16"><span class='ocrx_word' id='word_1_354' title='bbox 283 4832 366 4909; x_wconf 88' lang='lat' dir='ltr'><strong>lunt,</strong></span> <span class='ocrx_word' id='word_1_355' title='bbox 396 4825 587 4909; x_wconf 89' lang='lat' dir='ltr'><strong>deserend0,</strong></span> <span class='ocrx_word' id='word_1_356' title='bbox 622 4840 670 4894; x_wconf 92' lang='lat' dir='ltr'><strong>set</strong></span> <span class='ocrx_word' id='word_1_357' title='bbox 703 4825 849 4913; x_wconf 86' lang='lat' dir='ltr'><strong>deputata</strong></span> <span class='ocrx_word' id='word_1_358' title='bbox 877 4823 934 4890; x_wconf 92' lang='lat' dir='ltr'><strong>sibi</strong></span> <span class='ocrx_word' id='word_1_359' title='bbox 964 4823 1035 4888; x_wconf 85' lang='lat' dir='ltr'><strong>loca</strong></span> <span class='ocrx_word' id='word_1_360' title='bbox 1063 4835 1207 4905; x_wconf 89' lang='lat' dir='ltr'><strong>teneant,</strong></span> <span class='ocrx_word' id='word_1_361' title='bbox 1239 4823 1344 4890; x_wconf 89' lang='lat' dir='ltr'><strong>donec</strong></span> <span class='ocrx_word' id='word_1_362' title='bbox 1372 4821 1411 4889; x_wconf 92' lang='lat' dir='ltr'><strong>de</strong></span> <span class='ocrx_word' id='word_1_363' title='bbox 1441 4822 1555 4890; x_wconf 87' lang='lat' dir='ltr'><strong>medio·</strong></span> 
     </span>
     <span class='ocr_line' id='line_1_43' title="bbox 283 4909 1550 5002; baseline -0.006 -18"><span class='ocrx_word' id='word_1_364' title='bbox 283 4917 377 4984; x_wconf 84' lang='lat' dir='ltr'><strong>fiant¹</strong></span> <span class='ocrx_word' id='word_1_365' title='bbox 400 4915 521 4980; x_wconf 91' lang='lat' dir='ltr'><strong>nemini</strong></span> <span class='ocrx_word' id='word_1_366' title='bbox 544 4909 712 5002; x_wconf 86' lang='lat' dir='ltr'><strong>quicquam</strong></span> <span class='ocrx_word' id='word_1_367' title='bbox 728 4912 891 4993; x_wconf 89' lang='lat' dir='ltr'><strong>debentes,</strong></span> <span class='ocrx_word' id='word_1_368' title='bbox 914 4911 974 4975; x_wconf 92' lang='lat' dir='ltr'><strong>nisi</strong></span> <span class='ocrx_word' id='word_1_369' title='bbox 990 4922 1024 4976; x_wconf 90' lang='lat' dir='ltr'><strong>ut</strong></span> <span class='ocrx_word' id='word_1_370' title='bbox 1047 4912 1109 4977; x_wconf 86' lang='lat' dir='ltr'><strong>sint</strong></span> <span class='ocrx_word' id='word_1_371' title='bbox 1132 4913 1269 4977; x_wconf 79' lang='lat' dir='ltr'><strong>invicem</strong></span> <span class='ocrx_word' id='word_1_372' title='bbox 1286 4909 1462 4998; x_wconf 84' lang='lat' dir='ltr'><strong>diligentes.</strong></span> <span class='ocrx_word' id='word_1_373' title='bbox 1499 4912 1550 4978; x_wconf 89' lang='lat' dir='ltr'><strong>Sic</strong></span> 
     </span>
    </p>
   </div>
   <div class='ocr_carea' id='block_1_9' title="bbox 0 0 1916 5592">
    <p class='ocr_par' dir='ltr' id='par_1_14' title="bbox 0 0 1916 5592">
     <span class='ocr_line' id='line_1_44' title="bbox 0 0 1916 5592; baseline 0 10"><span class='ocrx_word' id='word_1_374' title='bbox 0 0 1916 5592; x_wconf 95' lang='lat' dir='ltr'><strong> </strong></span> 
     </span>
    </p>
   </div>
  </div>
 </body>
</html>
