3822 5592
311 617 334 688 J.
356 619 432 686 1278.
899 617 995 672 Briese.
1522 622 1581 687 107

256 771 260 778 ’
312 771 509 840 studentibus
539 785 649 840 tenere
681 771 820 852 debetis,
852 786 965 842 tenore
995 775 1195 860 presencium
1230 797 1289 841 vos
1320 775 1413 862 cupio
1449 771 1582 842 reddere

312 860 497 926 cerciorem.
542 857 594 925 Ad
617 861 773 926 terminos
805 883 943 949 namque
966 859 1016 926 vel
1046 870 1132 926 extra
1154 861 1310 926 terminos
1334 860 1450 927 domus
1480 861 1582 927 emitti

311 969 380 1013 non
404 943 535 1028 debent,
566 947 625 1012 nisi
656 969 748 1014 causa
775 948 942 1035 peticionis
972 946 1133 1014 dumtaxat
1156 945 1304 1035 duplicis,
1332 945 1414 1014 bladi
1436 945 1583 1015 videlicet

311 1045 405 1122 atque
427 1033 509 1116 vini,
539 1035 677 1122 exceptis
701 1033 788 1102 festis
811 1033 998 1116 maioribus,
1023 1033 1134 1122 quibus
1157 1032 1231 1101 dies*
1247 1033 1349 1102 festivi
1372 1033 1477 1122 plures
1505 1057 1582 1102 con-

312 1122 409 1208 iuncti
432 1132 517 1204 sunt,
540 1133 593 1189 aut
615 1123 794 1189 vacaeionis
817 1134 974 1210 tempore,
1022 1121 1231 1189 ermittantur'
1244 1123 1339 1205 exire,
1364 1123 1459 1189 cicius
1478 1145 1582 1190 rever-

312 1211 385 1275 suri.
431 1209 502 1296 lpse
525 1232 613 1290 vero,
637 1210 690 1298 qui
713 1209 841 1276 lectoris
865 1209 973 1276 officio
997 1145 1152 1297 lirngitur,
1183 1207 1222 1276 ad
1245 1210 1380 1277 chorum
1404 1233 1471 1277 non
1494 1228 1582 1277 tene-

269 1353 273 1360 .
312 1295 394 1362 bitur
417 1297 475 1363 nisi
500 1295 539 1362 ad
563 1295 808 1398 completorium
838 1296 961 1364 assidue
986 1307 1017 1363 et
1044 1297 1076 1363 in
1106 1295 1194 1363 lestis
1221 1297 1268 1362 IX
1291 1295 1465 1365 lectionum
1494 1295 1582 1364 horis

312 1385 453 1450 intererit
476 1384 598 1465 ceteris,
622 1385 682 1450 msi
706 1407 779 1450 cum
803 1386 873 1472 ipso
897 1408 936 1450 ex
953 1407 1045 1450 causa
1068 1383 1169 1472 aliqua
1192 1381 1401 1471 dispensetur.
1436 1382 1488 1452 Ad
1511 1384 1580 1467 hec,

312 1471 383 1560 quia
406 1469 493 1538 labor
522 1482 553 1538 et
575 1469 755 1538 sollicitudo
783 1470 948 1540 studentes
977 1472 1071 1538 etiam
1103 1472 1289 1540 exercitatos
1320 1470 1431 1555 afficit,
1462 1481 1581 1562 quanto

312 1560 413 1645 magis
436 1557 630 1640 imbecelles,
655 1609 662 1624 .
688 1611 695 1624 .
722 1611 729 1625 .
754 1558 912 1648 mo(neo)
942 1571 973 1626 et
996 1559 1138 1647 requiro,
1168 1576 1323 1647 quatenus
1351 1559 1424 1626 huic
1452 1558 1580 1626 officine

313 1645 480 1798 deputatos
512 1645 657 1732 ampliori
699 1669 773 1712 cura
805 1659 836 1713 et
867 1646 1045 1712 sollertiore
1077 1647 1176 1731 gratia
1209 1665 1372 1734 perspecta
1404 1645 1579 1713 eorundem

367 1733 484 1819 igentia
507 1731 639 1798 foveatis
664 1783 671 1797 .
697 1784 703 1798 .
730 1784 737 1798 .

312 1733 344 1797 in

416 1937 471 1994 Fol.
497 1954 554 2008 127.
600 1940 723 2012 Konzept
752 1957 805 1994 von
834 1941 984 1995 llernrauns
1010 1939 1093 1995 Hand.
1140 1940 1236 1995 Dieser
1263 1958 1319 1994 war
1346 1939 1383 1994 int
1408 1941 1487 2011 Jalrre
1515 1942 1580 2010 1278

312 2027 431 2080 Viliarius
455 2027 501 2080 des
528 2027 697 2081 Provinzials.
745 2027 806 2098 Vgl.
831 2028 872 2082 die
897 2028 1109 2082 Constitutiones
1138 2028 1244 2098 antique
1276 2027 1359 2080 ediert
1388 2045 1441 2080 von
1467 2025 1581 2095 Denifle,

311 2115 390 2167 Arch.
412 2114 428 2168 l.
450 2113 509 2167 Litt.
531 2132 554 2168 u.
574 2115 699 2169 llGesch.
720 2115 740 2182 l,
760 2130 819 2184 223.

921 2341 971 2409 85.

418 2460 501 2553 (Der
517 2464 709 2557 Provinqinl)
725 2464 850 2532 lassior
873 2485 929 2530 aris
945 2464 1001 2530 deu
1024 2463 1233 2552 angegelenen
1252 2463 1398 2529 Gritnden
1422 2463 1469 2529 die
1487 2463 1582 2530 Wahl

313 2551 362 2618 des
386 2552 490 2619 Priors
513 2553 566 2619 cler
589 2551 812 2620 Donu'nikaner
837 2555 868 2618 in
896 2552 1082 2640 Writqlurg.
1129 2548 1149 2640 (
1150 2553 1207 2618 Um
1234 2550 1344 2642 1280)

420 2675 568 2742 Cassatur
592 2676 705 2743 electio
729 2677 852 2763 prioris.
895 2677 980 2741 Visis
1003 2675 1124 2756 litteris,
1149 2698 1225 2763 quas
1249 2697 1307 2762 pro
1331 2672 1581 2741 confirmacione

315 2761 404 2828 electi
438 2762 547 2829 vobis¹
580 2764 693 2850 prioris
727 2765 852 2830 mittere
885 2761 1083 2843 decrevistis,
1118 2786 1159 2828 ne
1191 2763 1337 2849 cuiquam
1371 2762 1435 2828 cito
1468 2785 1581 2828 manus

313 2847 525 2934 imponerem,
549 2847 758 2916 discretorum
775 2849 920 2916 invocavi
937 2847 1104 2914 eonsilium
1122 2848 1206 2914 iuxta
1223 2870 1358 2914 morem.
1397 2848 1484 2914 Inter
1500 2869 1581 2936 quos

313 2933 416 3020 plures
439 2958 576 3000 numero
592 2936 714 3022 priores
737 2935 865 3002 aderant
883 2958 957 3000 cunt
979 2933 1056 3016 aliis,
1080 2935 1133 3022 qui
1152 2944 1271 3000 certam
1294 2931 1468 3000 admodum
1485 2933 1581 3000 vestri

312 3033 489 3088 conventus
515 3022 667 3088 noticiam
684 3021 869 3090 habuerunt.
901 3022 945 3088 At
961 3045 1034 3088 curn
1050 3021 1213 3109 inquisitio
1230 3018 1370 3086 medium
1388 3022 1446 3088 iter
1463 3039 1581 3108 ageret,

312 3106 360 3174 dis
383 3105 469 3175 licuit
500 3107 676 3189 nonnullis,
709 3109 796 3198 quod
824 3132 891 3175 non
920 3119 985 3174 erat
1014 3107 1156 3195 exposita
1184 3108 1285 3190 racio,
1315 3131 1409 3196 quam
1441 3105 1483 3175 ob
1513 3132 1579 3174 rem

233 3259 238 3267 ,
311 3129 445 3274 scilicet,
476 3217 549 3261 cum
574 3195 727 3263 electores
758 3219 820 3262 una
850 3207 973 3262 tantum
1002 3217 1139 3282 persona
1170 3192 1374 3261 medietatem
1405 3194 1580 3277 excederet,

311 3303 380 3368 pars
396 3280 454 3348 alia
477 3304 544 3348 non
561 3283 770 3364 consenserit,
794 3281 844 3350 vel
867 3305 922 3348 cur
937 3293 1013 3349 vota
1036 3304 1091 3348 sua
1114 3304 1181 3348 uon
1199 3281 1392 3370 coaptaverit
1415 3293 1467 3349 aut
1483 3299 1581 3349 trans·

311 3367 415 3456 tulerit
443 3393 482 3436 ex
509 3369 703 3457 postfacto,
735 3372 900 3458 presertim
926 3394 999 3436 cum
1025 3369 1135 3437 eadem
1165 3393 1252 3457 pars,
1285 3369 1392 3436 minor
1415 3383 1580 3457 comput0,

312 3455 393 3523 bene
417 3458 518 3524 maior
549 3459 748 3540 auctoritate,
778 3457 847 3524 zelo
873 3470 904 3525 et
927 3459 1042 3525 merito
1066 3456 1243 3539 videretur,
1275 3459 1301 3524 si
1333 3457 1395 3524 hoc
1418 3457 1499 3525 ordo
1528 3455 1581 3525 ad·

312 3555 434 3611 vertere
458 3547 685 3613 consuevisset.
720 3547 808 3626 Quin
827 3546 932 3627 etiam,
957 3544 1044 3634 quod
1069 3555 1133 3612 erat
1150 3543 1316 3626 difficilius,
1340 3545 1505 3612 inventum
1522 3565 1580 3628 est,

311 3629 399 3719 quod
421 3631 515 3698 frater
539 3684 546 3698 .
572 3684 596 3714 .‚
626 3634 679 3722 qui
711 3632 871 3700 medietati
901 3631 1090 3719 eligencium
1120 3629 1305 3714 addebatur,
1339 3643 1423 3700 caret
1447 3631 1580 3700 dilucida

311 3719 454 3801 racione,
486 3743 558 3786 cunr
587 3731 694 3788 tamen
726 3721 793 3808 ipse
827 3721 1078 3788 constituciones
1110 3723 1184 3786 satis
1213 3717 1354 3786 indicent
1387 3719 1579 3873 prelatorum

310 3807 528 3892 provisionem
552 3805 667 3874 debere
691 3806 759 3874 fieri
782 3831 838 3895 per
863 3806 1034 3889 discretos,
1066 3808 1146 3874 sicut
1170 3807 1264 3874 etiam
1289 3806 1328 3874 de
1352 3831 1388 3873 su
1410 3807 1580 3875 stitucione

309 3894 482 3981 supprioris
507 3893 634 3977 dicitur,
666 3907 698 3962 et
721 3895 855 3982 ingressi
878 3893 915 3960 ab
945 3894 1101 3961 electione
1124 3895 1237 3982 prioris
1266 3893 1304 3960 ad
1327 3895 1403 3996 quin
1427 3895 1578 3962 uennium

309 3979 402 4048 alieni
418 4003 474 4068 per
489 4004 621 4064 annum,
644 3982 716 4049 licet
731 3983 882 4069 sapientia
898 3980 1048 4070 polleant,
1066 4005 1105 4048 eo
1122 3993 1241 4064 tamen,
1265 4004 1353 4070 quast
1368 3919 1579 4050 suificientem

310 4069 535 4156 experientiam
560 4093 626 4136 uon
656 4067 804 4151 habeant,
835 4068 1080 4157 suspenduntur.
1127 4068 1310 4136 Memorato
1336 4122 1343 4136 .
1368 4121 1376 4136 .
1400 4068 1493 4137 lratre
1520 4093 1579 4158 pro

310 4178 377 4220 non
405 4154 529 4222 adiecto
553 4155 678 4238 habito,
709 4180 749 4224 ne
778 4157 852 4224 utile
876 4179 932 4244 per
961 4155 1071 4222 inutile
1093 4156 1239 4238 vicietur,
1263 4156 1465 4244 relinquitur,
1493 4156 1580 4245 quod

311 4239 424 4308 electio
449 4243 601 4308 canonica
625 4242 686 4310 dici
710 4267 776 4310 non
801 4255 941 4330 poterat,
973 4265 1034 4329 que
1058 4240 1137 4309 ultra
1160 4240 1364 4309 medietatem
1389 4243 1578 4330 eligencium

311 4351 378 4480 pon
401 4326 543 4482 habepat.
589 4329 729 4397 Kassiert
753 4328 804 4397 die
821 4329 916 4396 Wahl
940 4328 1006 4395 und
1029 4325 1150 4396 sordert
1172 4352 1226 4395 zur
1243 4329 1339 4396 Wahl
1363 4329 1450 4397 eines
1474 4353 1579 4398 neuen
1616 4334 1619 4340 '

336 4438 416 4482 nors
440 4439 499 4482 au.

419 4797 475 4853 Fol.
497 4815 519 4853 1.
556 4799 611 4852 Der
629 4798 678 4854 Ort
698 4798 744 4852 der
762 4799 842 4852 Wahl
862 4799 895 4851 ist
914 4815 957 4850 am
977 4797 1060 4850 obern
1079 4796 1185 4850 Raude:
1205 4797 1322 4870 Erbipol.
1342 4800 1481 4854 vennerlrt.
1513 4801 1579 4854 Eine

314 4901 447 4954 genauere
466 4887 703 4957 Zeitbestimmung
722 4887 794 4940 nicht
813 4898 861 4957 gut
880 4885 1015 4956 mogliclr,
1036 4885 1092 4937 hier
1111 4887 1180 4940 nach
1199 4887 1246 4941 der
1265 4887 1395 4959 Stellung.
