3828 5590
321 619 344 690 J.
366 634 440 688 1270·
909 621 1004 676 Briele.
1549 632 1590 696 77

321 775 510 845 religiosos..
533 818 538 830 .
559 793 588 828 se
608 783 709 830 temere
733 777 922 830 transferentes
941 785 1051 849 opertos
1070 781 1108 832 eis
1128 789 1298 848 peccatorum
1317 782 1415 837 nudant
1434 784 1544 838 morbos
1564 794 1590 838 et

319 862 461 931 iniquitatis
487 861 605 915 revelant
632 871 764 916 secretum
791 871 817 916 et
842 865 913 916 virus
942 865 1071 918 viciorum
1098 865 1125 918 in
1153 867 1323 922 consessione
1352 868 1510 940 deprimunt.
1531 913 1537 924 .
1557 913 1590 926 ..

320 947 464 1002 Porro...
484 965 543 1002 cum
563 949 589 1000 in
609 948 717 1018 prelatis
737 949 857 1002 ecclesiis
876 959 930 1003 tam
949 951 975 1003 in
995 951 1089 1004 officiis
1104 951 1197 1006 divinis
1211 971 1290 1024 quam
1310 971 1384 1008 sacre
1398 955 1590 1027 predicacionis

320 1033 431 1104 eloquiis
449 1052 511 1088 aure
530 1035 685 1088 devocionis
699 1052 796 1088 vocem
815 1037 854 1089 sui
868 1036 965 1090 debent
985 1037 1130 1092 sacerdotis
1144 1039 1264 1108 (audire),
1284 1042 1348 1111 ipsis
1362 1043 1482 1096 ecclesiis
1496 1053 1589 1097 contra

320 1137 455 1174 sacrorum
465 1139 598 1175 canonum
611 1130 707 1176 statuta
717 1123 887 1193 contemptis,
902 1122 934 1176 ad
949 1124 1096 1178 eorundem
1108 1125 1295 1196 religiosorum
1308 1128 1440 1182 divertunt
1453 1129 1589 1196 ecclesias,

320 1208 436 1278 predicta
455 1207 541 1262 officia
561 1209 624 1262 inibi
642 1226 691 1280 pro
710 1225 757 1262 sue
776 1209 919 1263 voluntatis
938 1211 1045 1265 arbitrio
1064 1212 1182 1280 audituri,
1203 1223 1313 1284 propter
1333 1216 1404 1286 quod
1422 1217 1485 1288 ipsis
1504 1217 1588 1270 nichi-

319 1295 433 1349 lominus
446 1295 585 1366 religiosis,
605 1295 733 1368 quitales
747 1296 874 1350 deberent
893 1307 1093 1369 presutnptores
1112 1299 1224 1367 abicere,
1244 1317 1292 1355 eos
1306 1319 1367 1355 cum
1386 1304 1460 1373 gravi
1475 1303 1588 1358 aliorum

318 1385 415 1451 jactura
433 1383 605 1437 allicientibus
631 1392 657 1436 et
676 1383 859 1437 inducentibus
878 1384 911 1437 ad
935 1387 1064 1455 premissa
1087 1389 1218 1459 contingit
1241 1390 1387 1459 premissos
1413 1392 1587 1462 prepositum,

318 1470 447 1523 decanum
473 1479 499 1524 et
527 1470 668 1540 capitulum
693 1489 724 1523 ac
748 1479 867 1524 rectores
896 1471 1068 1526 ecclesiarum
1097 1475 1213 1545 ipsarum
1241 1475 1325 1530 solitis
1351 1477 1588 1547 parrochianorum

318 1557 498 1612 oblacionibus
517 1558 626 1630 aliisque
644 1559 854 1612 obvencionibus
879 1559 1059 1631 multipliciter
1076 1561 1232 1617 defraudari.
1269 1564 1395 1618 Ceterum
1416 1607 1422 1620 .
1443 1608 1449 1620 .
1469 1607 1475 1619 .
1496 1606 1502 1620 .
1522 1582 1586 1618 cou-

317 1645 400 1715 tingat
427 1646 452 1698 in
478 1645 632 1716 egritudinis
656 1645 754 1699 lectum
779 1663 940 1718 quemquam
965 1646 1101 1715 decidere,
1127 1649 1263 1703 confluunt
1287 1650 1405 1720 religiosi
1428 1651 1538 1722 predicti
1561 1660 1587 1705 et

317 1731 471 1803 plerumque
489 1731 622 1786 infirmum
640 1734 800 1787 invitacione
820 1745 948 1804 preventa
967 1735 1015 1788 sub
1034 1737 1138 1807 pietatis
1158 1754 1234 1808 spem
1254 1738 1390 1792 visitantes
1409 1739 1490 1809 ipsius
1505 1748 1586 1792 testu-

316 1827 436 1873 mentum
462 1828 626 1890 componunt
646 1828 672 1874 et
691 1820 813 1874 ordinant
833 1823 963 1892 magistro
983 1823 1092 1876 tandem
1110 1825 1286 1878 asscribentes
1306 1826 1364 1892 uni,
1389 1826 1411 1878 si
1430 1835 1587 1880 executores

316 1907 479 1960 inveniantur
498 1908 579 1978 ipsius
597 1907 654 1960 lieri
673 1909 833 1962 testamenti.
867 1908 942 1970 Quid
961 1909 1051 1980 plura?
1082 1911 1188 1964 Blandis
1207 1912 1326 1981 ipsorum
1346 1911 1464 1966 infirmus
1484 1912 1586 1966 illectus

315 1995 480 2048 sermonibus
494 1996 599 2049 onrissis
613 1996 689 2049 avitis
704 2005 729 2049 et
749 1997 864 2067 paternis
878 1997 1019 2068 sepulturis
1032 1998 1101 2069 apud
1115 2015 1162 2052 eos
1176 1997 1279 2070 eligens
1294 1999 1400 2070 sepeliri
1413 2000 1501 2072 ampla
1514 2000 1585 2072 ipsis,

315 2082 437 2151 predictis
457 2100 520 2136 vero
543 2083 662 2136 ecclesiis
686 2083 758 2136 nulla
777 2083 819 2137 vel
843 2084 950 2138 modica
968 2085 1057 2156 legata
1081 2086 1215 2156 largitur.
1236 2129 1241 2141 .
1263 2129 1268 2140 .
1294 2087 1456 2142 Discretioni
1476 2097 1520 2141 tue
1539 2105 1586 2158 per

315 2170 460 2240 apostolica
480 2171 576 2242 scripta
600 2170 770 2238 mandamus,
796 2180 925 2243 quatenus
946 2215 952 2226 .
972 2215 978 2227 .
999 2215 1004 2227 .
1029 2175 1101 2243 ipsos
1125 2173 1282 2244 religiosos,
1308 2177 1489 2246 cujuscunque
1512 2176 1587 2245 si(n)t

315 2258 421 2326 ordinis,
440 2277 474 2312 ne
493 2259 519 2312 in
538 2258 651 2313 alioruin
670 2259 843 2331 preiudiciunt
862 2261 1051 2331 parrochianos
1071 2259 1187 2330 prelatos
1207 2260 1240 2314 ad
1259 2261 1409 2332 hujusmodi
1432 2262 1520 2316 officia
1538 2280 1586 2316 seu

315 2357 479 2402 sacramenta
504 2348 630 2420 recipiant
656 2365 706 2402 nec
731 2348 916 2402 confessiones
949 2347 1053 2401 uttdiant
1079 2347 1240 2415 eorundem,
1276 2350 1325 2404 nisi
1350 2350 1431 2421 petita
1463 2351 1534 2422 prius
1559 2359 1586 2404 ct

315 2444 424 2506 optenta
442 2435 580 2490 licenciaa
600 2436 738 2490 sacerdote
753 2437 860 2506 proprio
879 2439 949 2507 justa
963 2438 1060 2489 statuta
1079 2435 1183 2490 concilii
1196 2437 1338 2508 generalis,
1357 2455 1408 2492 nec
1427 2441 1515 2504 etiarn,
1536 2439 1585 2492 nisi

315 2523 384 2594 apud
402 2540 449 2576 eos
469 2541 501 2576 ex
519 2524 668 2577 devocione
687 2524 767 2576 animi
793 2523 921 2593 elegerint
941 2523 1077 2590 tumulari,
1102 2525 1175 2594 ipsos
1195 2524 1228 2576 ad
1252 2525 1414 2595 sepulturam
1434 2524 1582 2590 admittant,

317 2612 424 2681 proviso
442 2620 545 2678 tamen,
570 2611 641 2682 quod
664 2620 727 2664 tunc
751 2611 845 2664 eedem
869 2611 982 2664 ecclesie
1007 2612 1135 2681 porcione
1158 2612 1285 2665 canonica
1309 2629 1364 2665 non
1388 2612 1584 2679 defraudentur,

316 2700 470 2753 auctoritate
489 2708 579 2752 nostra
601 2716 648 2770 per
666 2707 693 2752 te
712 2697 755 2752 vel
775 2715 822 2770 per
840 2697 919 2751 ulium
944 2699 1074 2752 attencius
1093 2715 1205 2752 moneas
1225 2708 1252 2753 et
1275 2699 1382 2753 inducas
1402 2701 1475 2770 ipsos
1494 2701 1527 2753 ad
1550 2701 1584 2766 id,

316 2795 343 2840 et
360 2795 387 2840 ut
401 2787 434 2839 de
447 2795 537 2840 cetero
550 2787 582 2840 ab
602 2785 752 2857 hujusmodi
765 2785 952 2856 predictorum,
972 2787 1107 2856 prepositi,
1126 2786 1220 2840 decani
1233 2795 1259 2841 et
1274 2787 1379 2857 capituli
1400 2795 1425 2840 et
1440 2787 1585 2841 earundem

315 2872 486 2926 ecclesiarum
505 2882 638 2926 rectorum
658 2873 788 2926 molestiis
807 2881 833 2925 et
853 2873 950 2941 injuriis
970 2873 1081 2925 omnino
1100 2873 1249 2926 abstineant
1274 2890 1321 2942 per
1340 2890 1479 2926 censuram
1498 2875 1583 2927 eccle·

314 2960 446 3012 siasticanr
466 3001 471 3013 .
492 2989 497 3012 ·.
518 3002 523 3013 .
548 2959 720 3029 compellas.
741 3000 746 3013 .
766 3001 772 3012 .
792 2959 891 3011 Datum
910 2957 1003 3025 Asisii,
1027 2957 1094 3031 ydus
1113 2960 1188 3024 maii,
1215 2957 1383 3029 pontificatus
1405 2960 1488 3012 nostri
1512 2977 1583 3012 anno

313 3046 462 3101 undecimo.
499 3049 581 3115 (1254
599 3047 653 3100 Mai
675 3051 727 3116 15.)
763 3045 813 3100 Ms.
834 3061 868 3117 29
888 3046 934 3098 der
954 3046 1173 3101 Stadtbibliothelr
1193 3047 1219 3100 in
1239 3047 1325 3100 Soest.

923 3271 970 3340 dl.

416 3397 632 3463 Bittschreihen
648 3419 689 3462 an
712 3398 768 3462 den
789 3395 1036 3484 Ot'densgeneral
1058 3421 1110 3462 itm
1127 3395 1346 3483 Riiclcsendnug
1369 3397 1419 3462 ries
1436 3399 1480 3462 W
1479 3398 1581 3463 itheth

311 3508 369 3551 cion
392 3485 531 3550 Brabant
554 3485 631 3550 nach
655 3485 776 3550 taven.
824 3482 931 3571 (Nach
957 3484 1066 3573 1270.)

416 3591 558 3656 Veniens
582 3588 620 3654 ad
643 3587 703 3654 tale
727 3587 833 3654 locum
859 3641 866 3654 .
892 3641 899 3654 .
932 3589 1038 3655 inveni
1062 3586 1191 3675 plenum
1215 3587 1401 3674 gemitibus,
1431 3587 1581 3654 refertum

311 3677 460 3755 lacrimis,
491 3674 645 3742 nudatum
672 3675 803 3756 solatiis,
834 3675 961 3742 fratrem
991 3674 1189 3741 Willelmnrn
1220 3673 1259 3741 de
1291 3674 1460 3741 Brabancia
1490 3675 1582 3742 vobis

310 3774 433 3831 notum.
480 3765 540 3830 Hic
564 3765 665 3844 enim,
696 3775 730 3830 ut
753 3764 877 3844 asserit,
907 3762 1170 3830 convenientibus
1194 3765 1226 3829 in
1250 3786 1349 3828 unum
1374 3765 1581 3850 suggestione

309 3851 386 3934 falsi,
410 3853 634 3940 suppressione
657 3853 733 3933 veri,
757 3852 1002 3938 precipitacione
1027 3850 1166 3933 consilii,
1190 3851 1395 3938 surrepcione
1419 3850 1508 3932 lacti,
1542 3850 1580 3917 de

310 3939 409 4006 domo
437 3941 630 4007 Louaniensi
660 3941 692 4005 in
716 3937 861 4005 Mindam
889 3962 945 4026 per
974 3940 1125 4005 vicarium
1158 3950 1205 4006 est
1228 3937 1409 4019 translatus,
1443 3937 1495 4004 ubi
1526 3962 1581 4004 sua

309 4027 508 4114 compellitur
538 4025 731 4114 suspendere
760 4049 879 4112 organa
912 4079 918 4092 .
946 4080 952 4092 .
979 4080 985 4092 .
1017 4025 1191 4114 Expostulo
1226 4024 1369 4112 precibus
1400 4024 1580 4106 humilibus,

308 4116 388 4182 sicut
403 4139 546 4203 possum,
570 4125 724 4202 quatenus
740 4136 799 4201 pro
823 4114 893 4201 ipso
918 4113 1101 4201 provinciali
1117 4112 1303 4180 Teuthonie
1319 4111 1420 4179 velitis
1445 4111 1580 4179 scribere

308 4202 402 4269 verba
417 4202 492 4283 duo,
517 4201 555 4269 ad
572 4225 709 4288 quorum
726 4225 855 4266 suavem
874 4202 1034 4285 energiam
1051 4200 1108 4267 sibi
1133 4199 1430 4267 recommendatum
1448 4197 1580 4286 diligen-

309 4291 374 4355 cius
397 4288 498 4356 redire
521 4287 625 4375 jubeat
648 4289 824 4354 Louaniam
850 4339 856 4352 .
883 4340 890 4353 .
917 4339 923 4352 .

413 4463 469 4518 Fol.
486 4479 524 4518 10.
553 4464 608 4516 Das
622 4462 767 4516 Schreiben
786 4461 857 4514 steht
872 4461 959 4514 hinter
978 4459 1029 4514 den
1043 4459 1148 4513 Brieien
1167 4459 1232 4512 iiber
1245 4458 1291 4511 das
1304 4458 1452 4511 Mailiinder
1465 4458 1578 4528 Kapitel.

309 4550 356 4603 lch
374 4549 441 4604 habe
460 4549 581 4604 dasselbe
600 4551 626 4603 in
652 4549 744 4602 seinen
764 4547 948 4619 Hauptstellen
967 4547 1207 4617 wiedergegeben,
1233 4545 1295 4599 weil
1314 4545 1360 4598 der
1379 4545 1578 4616 gleichnamige

309 4637 439 4691 betamte
458 4637 614 4691 Guillelmus
634 4637 807 4690 Brabantinus
826 4638 893 4703 (von
913 4635 1073 4688 hloerbeclre
1092 4634 1146 4706 vgl.
1166 4633 1391 4700 Quetif-Echard,
1411 4635 1430 4700 I,
1453 4637 1515 4705 390)
1534 4650 1578 4685 utn

310 4725 426 4779 dieselbe
439 4727 493 4779 Zeit
511 4726 581 4778 lebte
594 4727 745 4795 (1277—81
763 4724 922 4777 Erzbischof
938 4741 990 4776 volt
1004 4723 1132 4788 Korinth)
1148 4721 1201 4774 und
1220 4720 1348 4774 ebenfalls
1368 4721 1428 4774 dein
1445 4719 1578 4774 waener

309 4813 599 4868 Dominilranerlrloster
613 4815 778 4884 wenigstens
792 4813 935 4882 zeitvveilig
948 4812 1104 4882 angehbrte.
1134 4811 1196 4863 Von
1209 4809 1332 4863 Identitat
1347 4809 1415 4862 kann
1437 4808 1579 4878 allerdings

309 4902 382 4955 wohl
403 4902 478 4956 lreine
497 4902 571 4955 Rede
591 4903 655 4955 sein.
