3822 5592
303 612 326 681 J.
350 615 423 684 1289.
892 611 985 666 Briese.
1510 615 1566 680 ¹43

304 769 330 820 in
353 768 400 820 der
419 768 531 833 Kdlner‚
556 769 664 821 liremer
690 769 741 822 und
766 769 963 840 Magdeburger
986 769 1212 840 liirclrenprovinz
1236 778 1332 822 anstatt
1357 769 1404 822 des
1428 787 1471 822 um
1496 771 1569 822 seinu

304 854 465 925 Entlassung
483 855 705 908 nnclrsuclrenden
726 857 852 926 Propstes
872 855 978 927 llayner
996 853 1029 908 de
1049 855 1124 909 Orio.
1161 855 1223 926 Vgl.
1243 855 1332 922 Finlre,
1354 855 1449 908 Wests.
1466 855 1520 908 UB.
1536 856 1569 920 V,

305 957 363 1010 731,
378 957 392 1010 7
397 957 437 1010 33,
450 943 509 1010 746;
529 941 746 1008 Kaltenbrunner,
766 933 953 1013 Mitteilungen
972 960 1018 996 ans
1038 941 1100 996 dem
1113 943 1199 996 Vatilr.
1213 942 1313 996 Archiv
1326 943 1346 1008 Ι,
1366 942 1489 1012 Register
1501 959 1522 995 s.
1536 961 1569 1006 v.‚

305 1028 412 1082 Strassb
433 1029 487 1082 UB.
500 1029 520 1094 1,
543 1045 590 1098 177
604 1028 754 1100 beaultragt
767 1029 885 1083 Dietriclr
905 1029 956 1082 den
973 1029 1152 1100 Strassburger
1165 1029 1247 1095 Prior,
1266 1029 1393 1100 Subprior
1407 1029 1459 1082 und
1473 1029 1571 1082 Lektor

305 1117 352 1169 mit
371 1115 417 1168 der
430 1115 594 1186 Sannnlung.
622 1115 652 1169 ln
667 1115 713 1169 der
725 1116 777 1171 HS.
792 1117 862 1170 steht
881 1117 966 1170 schon
987 1115 1031 1170 lol.
1047 1131 1098 1182 140
1110 1117 1153 1170 ein
1166 1117 1310 1170 Scbreiben
1323 1117 1372 1170 mit
1385 1115 1431 1169 der
1440 1115 1570 1169 Adresse:

305 1203 414 1257 domino
434 1221 502 1274 pape
521 1203 687 1274 provincialis
701 1203 744 1257 vel
764 1203 895 1258 cardinali.
924 1205 1006 1258 Darin
1026 1204 1120 1258 erlrliirt
1134 1204 1271 1258 Hermann
1290 1221 1343 1257 von
1362 1203 1483 1257 Minden:
1502 1205 1570 1257 Hinc

305 1299 353 1358 est,
373 1291 444 1362 quod
462 1292 704 1361 supereminentem
724 1293 894 1362 providencie
914 1301 1001 1346 vestre
1020 1291 1221 1364 amplitudinem
1240 1309 1321 1345 nosse
1340 1291 1475 1357 desidero,
1500 1290 1571 1363 quod

305 1378 464 1431 reverendus
488 1379 526 1431 vir
550 1378 757 1448 Tlr(eodericus)
787 1381 857 1449 prior
881 1380 964 1432 sancti
989 1378 1096 1433 Andree
1121 1380 1300 1446 Urbeuetaus,
1329 1379 1476 1450 apostolice
1500 1379 1570 1432 sedis

305 1483 350 1536 per
362 1465 529 1520 Alemaniam
549 1467 667 1533 nuncius,
687 1468 713 1519 in
726 1466 834 1520 decreto
854 1467 901 1519 sibi
921 1466 1010 1520 officio
1029 1468 1067 1520 sic
1086 1485 1114 1520 se
1128 1469 1210 1538 gessit
1231 1465 1348 1538 provide,
1369 1468 1406 1520 sic
1421 1465 1568 1538 tranquille,

305 1552 376 1624 quod
395 1553 426 1606 ab
446 1555 573 1607 universis
588 1553 711 1624 diligitur,
732 1563 888 1606 cunctorum
908 1553 1045 1607 affectibus
1059 1553 1196 1624 copulatur
1209 1563 1234 1607 et
1254 1555 1335 1625 ipsius
1354 1555 1484 1608 memoria
1497 1556 1570 1625 quasi

305 1641 358 1693 mel
377 1641 402 1693 in
422 1658 468 1694 ore
482 1642 601 1694 omnium
621 1640 774 1694 indulcatur.
806 1641 903 1694 Merito
922 1640 1028 1712 quidem
1043 1641 1076 1694 de
1094 1641 1188 1694 talibus
1208 1643 1305 1712 poterit
1325 1641 1436 1695 ecclesia
1450 1642 1571 1694 Romana

304 1729 419 1800 gaudere
438 1730 570 1794 ministris,
591 1747 637 1799 per
656 1747 722 1800 quos
742 1729 867 1782 industrie
887 1728 1061 1799 disponuntur
1081 1731 1194 1800 negocia
1214 1738 1240 1782 et
1260 1730 1332 1782 verbi
1351 1729 1462 1800 maligni
1481 1729 1570 1799 nequit

266 1879 268 1882 ι
304 1816 516 1869 submurmurare
535 1815 642 1887 querela
662 1859 667 1869 .
689 1859 694 1870 .
715 1859 720 1870 .
742 1806 874 1886 Ubrigens
894 1817 989 1869 daclite
1009 1835 1071 1870 man
1091 1818 1162 1870 niclrt
1187 1817 1284 1870 liberali
1305 1835 1336 1870 so
1356 1818 1420 1870 iiber
1439 1815 1570 1880 Dietriclr;

308 1904 360 1975 vgl.
380 1903 592 1958 ilaltenbrnnner
611 1922 633 1956 a.
653 1922 675 1956 a.
696 1904 730 1957 0.
751 1904 776 1957 S.
796 1917 844 1968 421
867 1903 947 1958 Anm.

907 2057 975 2127 lli.

409 2164 587 2250 Provinqial
601 2162 794 2317 [Hem-unm)
816 2164 897 2252 gicht
920 2166 986 2230 dem
1011 2165 1130 2231 Brnder·
1146 2164 1267 2230 Arnold
1287 2186 1347 2229 von
1368 2161 1497 2242 Lrileck,
1520 2161 1571 2227 ob-

303 2252 384 2318 wolrl
407 2275 439 2317 er
463 2251 620 2340 rigentlicr
628 2253 697 2404 ίίὶν
721 2255 829 2317 inarrrer
851 2251 905 2318 der
928 2253 1008 2318 libre
1030 2253 1081 2318 des
1108 2250 1228 2318 Ordens
1249 2273 1353 2338 wegen
1375 2251 1473 2316 seiner
1499 2249 1571 2314 Ver-

302 2340 397 2428 gehen
420 2338 545 2406 berault
568 2338 628 2405 blei
647 2363 682 2406 eu
707 2341 832 2428 utrisne,
859 2343 938 2406 scine
962 2339 1054 2407 stelle
1077 2341 1117 2405 im
1145 2338 1241 2406 Chore
1263 2337 1392 2424 qurrlclr,
1422 2349 1572 2424 gestattrt,

305 2429 376 2516 dass
399 2452 432 2494 er
455 2429 486 2494 in
509 2430 643 2516 corniger
666 2427 928 2517 lreruorrngrndcn
956 2425 1053 2494 Orien
1071 2427 1212 2580 predigr,
1236 2425 1308 2492 aber
1331 2425 1422 2506 nicht,
1446 2425 1518 2512 dass
1541 2447 1573 2489 er

307 2516 425 2581 Beicbtr
440 2515 520 2596 hire,
545 2515 700 2582 besonderr
715 2517 769 2582 der
785 2517 917 2583 Francia.
956 2514 1143 2604 Ansserralb
1167 2514 1217 2580 des
1233 2513 1367 2580 Klosters
1380 2512 1434 2579 hat
1457 2512 1509 2578 ibn
1525 2514 1572 2577 ein

307 2604 436 2670 Priester
459 2627 497 2690 (rr
521 2603 681 2778 bedlmm’
712 2604 781 2685 der,
810 2628 898 2670 werin
922 2604 999 2669 arach
1023 2603 1089 2668 dem
1113 2604 1239 2669 Eiratritt
1262 2601 1339 2668 nach
1357 2603 1487 2688 jiingrr,
1509 2601 1572 2666 sein

311 2690 427 2758 Oberer
450 2694 496 2756 ist.
562 2691 671 2781 1289.)

411 3072 605 3160 (Provinqiol
629 3071 805 3162 Hermann)
833 3071 975 3138 verbietct
1002 3072 1058 3137 den
1088 3071 1226 3160 Veritatis
1251 3072 1322 3138 oder
1349 3073 1396 3137 die
1424 3072 1572 3158 Verpfcin·

305 3159 388 3247 drurg
409 3183 468 3226 uon
492 3159 814 3247 Klosterbesitqnngnr.
862 3157 1001 3250 (1289.)Ι

409 3264 579 3332 Sororibus
605 3319 611 3332 .
637 3319 644 3332 .
669 3264 779 3332 talibus
804 3318 811 3331 .
837 3317 844 3331 .
870 3317 877 3331 .
907 3265 1126 3332 Sinceritatem
1150 3277 1286 3332 vestram
1315 3289 1436 3332 moneo
1462 3283 1492 3332 et
1522 3287 1573 3332 ex-

307 3352 417 3420 hortor
441 3351 579 3420 districte
602 3352 785 3440 prohibens,
809 3377 849 3419 ne
873 3353 1092 3439 possessiones
1116 3349 1234 3420 vestras
1258 3353 1400 3420 alienetis
1423 3371 1475 3419 aut
1495 3376 1573 3441 quo·

307 3463 430 3527 cunque
460 3439 560 3506 modo
590 3441 828 3528 quibuscunque
856 3442 1000 3526 personis
1030 3438 1068 3506 ad
1099 3452 1225 3528 tempus
1248 3441 1296 3508 vel
1328 3442 1359 3506 in
1381 3452 1573 3528 perpetuum

307 3525 467 3613 obligetis,
496 3529 618 3594 scituris
643 3527 808 3608 omnibus,
837 3525 924 3614 qnod
948 3529 1127 3615 quicunque
1151 3546 1261 3594 contra
1285 3529 1347 3595 hoc
1371 3527 1573 3594 interdictum

307 3615 478 3702 emptionis
509 3613 559 3681 vel
589 3613 752 3680 cuiuslibet
780 3613 905 3680 alterius
934 3614 1014 3680 tituli
1043 3627 1242 3682 contractum
1273 3614 1362 3682 vobis
1391 3616 1573 3681 nociturum

305 3702 416 3768 ineunt
438 3715 491 3768 aut
508 3705 711 3783 concinnant,
735 3726 802 3768 non
826 3720 899 3768 sunt
923 3725 1124 3789 possessores
1148 3701 1232 3769 bone
1249 3702 1322 3770 fidei
1347 3727 1386 3769 ne
1411 3727 1450 3769 ne
1470 3715 1571 3769 erunt.

306 3790 557 3877 Verumptamen
574 3792 599 3856 si
622 3788 729 3876 predia
752 3787 886 3879 quedam
904 3790 1018 3856 sterilia
1041 3791 1090 3856 vel
1114 3792 1220 3856 minus
1244 3789 1333 3857 vobis
1357 3726 1443 3857 utilia
1465 3789 1573 3857 volue-

304 3877 370 3943 ritis
401 3900 459 3964 pro
484 3879 584 3966 magis
613 3877 738 3944 utilibus
765 3896 979 3961 commutare,
1008 3880 1154 3945 sustineri
1177 3890 1298 3966 potest,
1328 3875 1506 3944 dummodo
1536 3877 1574 3944 ad

304 3963 366 4030 hoc
392 4017 398 4030 .
425 4017 431 4031 .
456 3967 586 4052 prioris,
615 3967 787 4053 supprioris
812 3977 842 4032 et
869 3965 995 4032 lectoris
1020 3965 1146 4033 accedat
1175 3965 1342 4033 consilium
1374 3977 1405 4032 et
1428 3989 1574 4032 assensus

304 4063 336 4205 {t
358 4051 397 4206 add
421 4076 473 4119 me
500 4052 650 4120 referatur
681 4055 847 4141 negotium
876 4077 1007 4140 prore,
1038 4055 1063 4119 si
1087 4052 1235 4141 expedire
1259 4052 1430 4136 videbitur,
1462 4077 1575 4142 appro-

325 4164 364 4206 an
389 4165 454 4206 um.

306 4266 514 4277 ——-—.-

411 4313 466 4367 Fol.
490 4269 570 4384 173¹*-
619 4271 621 4274 Ι

910 4401 976 4471 126.

416 4505 661 4597 Ordensgenerul
690 4509 828 4600 (Murrio)
857 4509 954 4576 belobt
982 4511 1029 4575 die
1060 4509 1246 4576 Schwestern
1274 4533 1332 4575 von
1363 4510 1405 4576 St.
1431 4508 1575 4575 lantbert

306 4618 410 4682 wegen
438 4596 520 4662 ihrer
543 4597 805 4685 Bereitwilliglrer't
833 4597 880 4662 die
906 4597 1018 4684 Grdfin
1042 4595 1172 4686 (Agnes)
1201 4620 1259 4662 von
1286 4595 1479 4663 Orlamrinde
1502 4599 1575 4685 auf·

306 4682 472 4768 prnehmen
495 4685 558 4749 uad
571 4686 740 4764 verordnet,
764 4687 822 4748 wir
844 4687 886 4749 sie
910 4687 951 4750 im
968 4685 1088 4750 Kloster
1110 4709 1149 4770 qu
1173 4683 1340 4750 bebanrleln
1363 4686 1414 4749 sci.
1448 4683 1575 4773 (1289.)

414 4789 565 4876 Magister
585 4789 704 4855 ordinis
728 4788 890 4855 sororibus
914 4790 1014 4856 sancti
1029 4788 1198 4856 Lamberti.
1239 4789 1372 4856 Gratum
1388 4790 1461 4855 Deo
1485 4787 1577 4854 obse·

307 4876 417 4962 quium
433 4877 609 4962 prestitistis
626 4900 699 4942 cum
716 4899 905 4962 generosam
923 4876 1088 4942 dominam
1105 4877 1299 4942 comitissam
1317 4875 1356 4942 de
1373 4874 1575 4943 Orlcmunde
