<?xml version="1.0" encoding="UTF-8"?>
<!DOCTYPE html PUBLIC "-//W3C//DTD XHTML 1.0 Transitional//EN"
    "http://www.w3.org/TR/xhtml1/DTD/xhtml1-transitional.dtd">
<html xmlns="http://www.w3.org/1999/xhtml" xml:lang="en" lang="en">
 <head>
  <title>
</title>
<meta http-equiv="Content-Type" content="text/html;charset=utf-8" />
  <meta name='ocr-system' content='tesseract 3.04.00' />
  <meta name='ocr-capabilities' content='ocr_page ocr_carea ocr_par ocr_line ocrx_word'/>
</head>
<body>
  <div class='ocr_page' id='page_1' title='image "./ungedrucktedomi00finkgoog_0110.png"; bbox 0 0 3822 5592; ppageno 0'>
   <div class='ocr_carea' id='block_1_1' title="bbox 304 645 1640 726">
    <p class='ocr_par' dir='ltr' id='par_1_1' title="bbox 304 645 1640 726">
     <span class='ocr_line' id='line_1_1' title="bbox 304 645 1640 726; baseline 0 -20"><span class='ocrx_word' id='word_1_1' title='bbox 304 655 327 724; x_wconf 87' lang='lat' dir='ltr'>J.</span> <span class='ocrx_word' id='word_1_2' title='bbox 350 669 528 723; x_wconf 67' lang='lat'>¹275&#39;··¹277·</span> <span class='ocrx_word' id='word_1_3' title='bbox 892 645 966 708; x_wconf 81' lang='lat' dir='ltr'>Brief</span> <span class='ocrx_word' id='word_1_4' title='bbox 981 697 987 708; x_wconf 95' lang='lat'><em>.</em></span> <span class='ocrx_word' id='word_1_5' title='bbox 1345 681 1346 686; x_wconf 17' lang='grc' dir='ltr'><strong>κ</strong></span> <span class='ocrx_word' id='word_1_6' title='bbox 1533 662 1573 726; x_wconf 88' lang='lat'>97</span> <span class='ocrx_word' id='word_1_7' title='bbox 1639 701 1640 706; x_wconf 73' lang='grc'>,</span> 
     </span>
    </p>
   </div>
   <div class='ocr_carea' id='block_1_2' title="bbox 303 807 1656 1772">
    <p class='ocr_par' dir='ltr' id='par_1_2' title="bbox 303 807 1656 1772">
     <span class='ocr_line' id='line_1_2' title="bbox 305 807 1574 962; baseline 0.003 -88"><span class='ocrx_word' id='word_1_8' title='bbox 305 807 412 890; x_wconf 87' lang='lat' dir='ltr'>debet,</span> <span class='ocrx_word' id='word_1_9' title='bbox 442 807 532 962; x_wconf 71' lang='lat' dir='ltr'>quod</span> <span class='ocrx_word' id='word_1_10' title='bbox 554 807 686 896; x_wconf 90' lang='lat' dir='ltr'>singulis</span> <span class='ocrx_word' id='word_1_11' title='bbox 718 809 808 874; x_wconf 90' lang='lat' dir='ltr'>annis</span> <span class='ocrx_word' id='word_1_12' title='bbox 831 832 890 896; x_wconf 94' lang='lat' dir='ltr'>pro</span> <span class='ocrx_word' id='word_1_13' title='bbox 914 810 1099 876; x_wconf 89' lang='lat' dir='ltr'>visitacione</span> <span class='ocrx_word' id='word_1_14' title='bbox 1129 810 1329 897; x_wconf 91' lang='lat' dir='ltr'>provincialis</span> <span class='ocrx_word' id='word_1_15' title='bbox 1361 811 1486 898; x_wconf 88' lang='lat' dir='ltr'>capituli</span> <span class='ocrx_word' id='word_1_16' title='bbox 1518 835 1574 900; x_wconf 87' lang='lat' dir='ltr'>per</span> 
     </span>
     <span class='ocr_line' id='line_1_3' title="bbox 304 893 1575 982; baseline 0.004 -21"><span class='ocrx_word' id='word_1_17' title='bbox 304 896 425 962; x_wconf 90' lang='lat' dir='ltr'>viarum</span> <span class='ocrx_word' id='word_1_18' title='bbox 463 895 622 962; x_wconf 89' lang='lat' dir='ltr'>iscrimina</span> <span class='ocrx_word' id='word_1_19' title='bbox 644 893 846 982; x_wconf 90' lang='lat' dir='ltr'>fatigatumo</span> <span class='ocrx_word' id='word_1_20' title='bbox 870 906 954 963; x_wconf 90' lang='lat' dir='ltr'>ortet</span> <span class='ocrx_word' id='word_1_21' title='bbox 976 896 1009 962; x_wconf 95' lang='lat' dir='ltr'>in</span> <span class='ocrx_word' id='word_1_22' title='bbox 1033 919 1178 962; x_wconf 89' lang='lat' dir='ltr'>mensam</span> <span class='ocrx_word' id='word_1_23' title='bbox 1205 895 1339 964; x_wconf 87' lang='lat' dir='ltr'>alienam</span> <span class='ocrx_word' id='word_1_24' title='bbox 1363 920 1412 964; x_wconf 91' lang='lat' dir='ltr'>res</span> <span class='ocrx_word' id='word_1_25' title='bbox 1436 898 1519 966; x_wconf 87' lang='lat' dir='ltr'>icere</span> <span class='ocrx_word' id='word_1_26' title='bbox 1544 911 1575 966; x_wconf 88' lang='lat' dir='ltr'>et</span> 
     </span>
     <span class='ocr_line' id='line_1_4' title="bbox 304 919 1574 1070; baseline 0.004 -22"><span class='ocrx_word' id='word_1_27' title='bbox 304 981 354 1070; x_wconf 88' lang='lat' dir='ltr'>pal</span> <span class='ocrx_word' id='word_1_28' title='bbox 376 1005 428 1050; x_wconf 88' lang='lat' dir='ltr'>are</span> <span class='ocrx_word' id='word_1_29' title='bbox 465 983 545 1050; x_wconf 88' lang='lat' dir='ltr'>ostia</span> <span class='ocrx_word' id='word_1_30' title='bbox 576 993 768 1050; x_wconf 90' lang='lat' dir='ltr'>exterorum.</span> <span class='ocrx_word' id='word_1_31' title='bbox 857 982 1060 1050; x_wconf 90' lang='lat' dir='ltr'>ichilominus</span> <span class='ocrx_word' id='word_1_32' title='bbox 1091 1001 1200 1050; x_wconf 90' lang='lat' dir='ltr'>tamen</span> <span class='ocrx_word' id='word_1_33' title='bbox 1230 1007 1289 1051; x_wconf 88' lang='lat' dir='ltr'>vos</span> <span class='ocrx_word' id='word_1_34' title='bbox 1321 996 1374 1053; x_wconf 88' lang='lat' dir='ltr'>aut</span> <span class='ocrx_word' id='word_1_35' title='bbox 1403 919 1498 1052; x_wconf 74' lang='lat' dir='ltr'>alium</span> <span class='ocrx_word' id='word_1_36' title='bbox 1529 987 1574 1053; x_wconf 92' lang='lat' dir='ltr'>sic</span> 
     </span>
     <span class='ocr_line' id='line_1_5' title="bbox 304 1005 1574 1162; baseline 0.003 -26"><span class='ocrx_word' id='word_1_37' title='bbox 304 1005 464 1138; x_wconf 81' lang='lat' dir='ltr'>inciudere</span> <span class='ocrx_word' id='word_1_38' title='bbox 487 1069 576 1152; x_wconf 94' lang='lat' dir='ltr'>nolo,</span> <span class='ocrx_word' id='word_1_39' title='bbox 599 1067 686 1159; x_wconf 93' lang='lat' dir='ltr'>quod</span> <span class='ocrx_word' id='word_1_40' title='bbox 710 1067 838 1137; x_wconf 92' lang='lat' dir='ltr'>modius</span> <span class='ocrx_word' id='word_1_41' title='bbox 862 1069 1050 1138; x_wconf 89' lang='lat' dir='ltr'>candelabro</span> <span class='ocrx_word' id='word_1_42' title='bbox 1073 1082 1284 1159; x_wconf 85' lang='lat' dir='ltr'><strong>supponatur,</strong></span> <span class='ocrx_word' id='word_1_43' title='bbox 1309 1081 1358 1139; x_wconf 89' lang='lat' dir='ltr'>set</span> <span class='ocrx_word' id='word_1_44' title='bbox 1379 1074 1497 1160; x_wconf 89' lang='lat' dir='ltr'>potius,</span> <span class='ocrx_word' id='word_1_45' title='bbox 1521 1075 1574 1162; x_wconf 92' lang='lat' dir='ltr'>qui</span> 
     </span>
     <span class='ocr_line' id='line_1_6' title="bbox 305 1155 1656 1262; baseline 0.004 -38"><span class='ocrx_word' id='word_1_46' title='bbox 305 1180 411 1225; x_wconf 90' lang='lat' dir='ltr'>curam</span> <span class='ocrx_word' id='word_1_47' title='bbox 434 1159 608 1246; x_wconf 89' lang='lat' dir='ltr'>suscepisse</span> <span class='ocrx_word' id='word_1_48' title='bbox 631 1155 784 1225; x_wconf 92' lang='lat' dir='ltr'>videmini</span> <span class='ocrx_word' id='word_1_49' title='bbox 811 1156 994 1246; x_wconf 81' lang='lat' dir='ltr'>generalem</span> <span class='ocrx_word' id='word_1_50' title='bbox 1019 1157 1150 1226; x_wconf 83' lang='lat' dir='ltr'>fratrum</span> <span class='ocrx_word' id='word_1_51' title='bbox 1178 1157 1388 1262; x_wconf 84' lang='lat' dir='ltr'>singulorum,</span> <span class='ocrx_word' id='word_1_52' title='bbox 1415 1161 1573 1229; x_wconf 89' lang='lat' dir='ltr'>terminos</span> <span class='ocrx_word' id='word_1_53' title='bbox 1653 1218 1656 1228; x_wconf 92' lang='lat'><em>.</em></span> 
     </span>
     <span class='ocr_line' id='line_1_7' title="bbox 304 1243 1573 1337; baseline 0.002 -24"><span class='ocrx_word' id='word_1_54' title='bbox 304 1247 476 1328; x_wconf 83' lang='lat' dir='ltr'>transeatis,</span> <span class='ocrx_word' id='word_1_55' title='bbox 500 1257 534 1313; x_wconf 91' lang='lat' dir='ltr'>ut</span> <span class='ocrx_word' id='word_1_56' title='bbox 558 1243 670 1312; x_wconf 88' lang='lat' dir='ltr'>exinde</span> <span class='ocrx_word' id='word_1_57' title='bbox 693 1245 821 1333; x_wconf 91' lang='lat' dir='ltr'>possitis</span> <span class='ocrx_word' id='word_1_58' title='bbox 844 1245 976 1327; x_wconf 88' lang='lat' dir='ltr'>discere,</span> <span class='ocrx_word' id='word_1_59' title='bbox 1000 1244 1098 1334; x_wconf 91' lang='lat' dir='ltr'>qualis</span> <span class='ocrx_word' id='word_1_60' title='bbox 1122 1245 1162 1314; x_wconf 92' lang='lat' dir='ltr'>de</span> <span class='ocrx_word' id='word_1_61' title='bbox 1184 1247 1258 1334; x_wconf 89' lang='lat' dir='ltr'>ipsrs</span> <span class='ocrx_word' id='word_1_62' title='bbox 1282 1246 1363 1314; x_wconf 90' lang='lat' dir='ltr'>fama</span> <span class='ocrx_word' id='word_1_63' title='bbox 1386 1247 1426 1315; x_wconf 91' lang='lat' dir='ltr'>sit</span> <span class='ocrx_word' id='word_1_64' title='bbox 1450 1260 1481 1317; x_wconf 91' lang='lat' dir='ltr'>et</span> <span class='ocrx_word' id='word_1_65' title='bbox 1504 1249 1573 1337; x_wconf 92' lang='lat' dir='ltr'>quis</span> 
     </span>
     <span class='ocr_line' id='line_1_8' title="bbox 304 1331 1574 1423; baseline 0.004 -25"><span class='ocrx_word' id='word_1_66' title='bbox 304 1332 431 1400; x_wconf 90' lang='lat' dir='ltr'>fructus.</span> <span class='ocrx_word' id='word_1_67' title='bbox 467 1331 518 1400; x_wconf 90' lang='lat' dir='ltr'>Ad</span> <span class='ocrx_word' id='word_1_68' title='bbox 540 1333 600 1400; x_wconf 92' lang='lat' dir='ltr'>hec</span> <span class='ocrx_word' id='word_1_69' title='bbox 621 1333 777 1420; x_wconf 89' lang='lat' dir='ltr'>episcopis</span> <span class='ocrx_word' id='word_1_70' title='bbox 802 1343 833 1400; x_wconf 91' lang='lat' dir='ltr'>et</span> <span class='ocrx_word' id='word_1_71' title='bbox 856 1333 1023 1420; x_wconf 87' lang='lat' dir='ltr'>magnatis,</span> <span class='ocrx_word' id='word_1_72' title='bbox 1047 1334 1128 1400; x_wconf 86' lang='lat' dir='ltr'>intra</span> <span class='ocrx_word' id='word_1_73' title='bbox 1144 1357 1280 1422; x_wconf 91' lang='lat' dir='ltr'>quorum</span> <span class='ocrx_word' id='word_1_74' title='bbox 1305 1333 1481 1402; x_wconf 92' lang='lat' dir='ltr'>districtum</span> <span class='ocrx_word' id='word_1_75' title='bbox 1503 1358 1574 1423; x_wconf 90' lang='lat' dir='ltr'>pre-</span> 
     </span>
     <span class='ocr_line' id='line_1_9' title="bbox 304 1417 1573 1509; baseline 0.003 -23"><span class='ocrx_word' id='word_1_76' title='bbox 304 1417 469 1487; x_wconf 82' lang='lat' dir='ltr'>dicationis</span> <span class='ocrx_word' id='word_1_77' title='bbox 505 1431 609 1488; x_wconf 86' lang='lat' dir='ltr'>vestre</span> <span class='ocrx_word' id='word_1_78' title='bbox 640 1420 768 1487; x_wconf 89' lang='lat' dir='ltr'>termini</span> <span class='ocrx_word' id='word_1_79' title='bbox 798 1421 1019 1508; x_wconf 87' lang='lat' dir='ltr'>porriguntur,</span> <span class='ocrx_word' id='word_1_80' title='bbox 1054 1443 1113 1487; x_wconf 91' lang='lat' dir='ltr'>vos</span> <span class='ocrx_word' id='word_1_81' title='bbox 1144 1423 1245 1509; x_wconf 90' lang='lat' dir='ltr'>magis</span> <span class='ocrx_word' id='word_1_82' title='bbox 1280 1419 1370 1489; x_wconf 88' lang='lat' dir='ltr'>deest</span> <span class='ocrx_word' id='word_1_83' title='bbox 1403 1433 1573 1505; x_wconf 92' lang='lat' dir='ltr'>oortune,</span> 
     </span>
     <span class='ocr_line' id='line_1_10' title="bbox 303 1506 1573 1610; baseline 0.005 -38"><span class='ocrx_word' id='word_1_84' title='bbox 303 1506 432 1575; x_wconf 86' lang='lat' dir='ltr'>fratrum</span> <span class='ocrx_word' id='word_1_85' title='bbox 449 1508 670 1575; x_wconf 89' lang='lat' dir='ltr'>necessitatem</span> <span class='ocrx_word' id='word_1_86' title='bbox 686 1529 849 1594; x_wconf 85' lang='lat' dir='ltr'>exponere</span> <span class='ocrx_word' id='word_1_87' title='bbox 861 1507 911 1574; x_wconf 91' lang='lat' dir='ltr'>vel</span> <span class='ocrx_word' id='word_1_88' title='bbox 926 1507 1050 1589; x_wconf 87' lang='lat' dir='ltr'>saltem,</span> <span class='ocrx_word' id='word_1_89' title='bbox 1067 1507 1154 1598; x_wconf 90' lang='lat' dir='ltr'>quod</span> <span class='ocrx_word' id='word_1_90' title='bbox 1169 1531 1264 1610; x_wconf 86' lang='lat' dir='ltr'>parva</span> <span class='ocrx_word' id='word_1_91' title='bbox 1276 1507 1399 1578; x_wconf 87' lang='lat' dir='ltr'>excedit</span> <span class='ocrx_word' id='word_1_92' title='bbox 1433 1533 1573 1578; x_wconf 90' lang='lat' dir='ltr'>onorum</span> 
     </span>
     <span class='ocr_line' id='line_1_11' title="bbox 303 1594 1573 1686; baseline 0.002 -24"><span class='ocrx_word' id='word_1_93' title='bbox 303 1595 508 1683; x_wconf 86' lang='lat' dir='ltr'>compendia,</span> <span class='ocrx_word' id='word_1_94' title='bbox 535 1596 677 1682; x_wconf 91' lang='lat' dir='ltr'>ipsorum</span> <span class='ocrx_word' id='word_1_95' title='bbox 704 1595 836 1682; x_wconf 86' lang='lat' dir='ltr'>gratiam</span> <span class='ocrx_word' id='word_1_96' title='bbox 868 1597 953 1662; x_wconf 92' lang='lat' dir='ltr'>iuxta</span> <span class='ocrx_word' id='word_1_97' title='bbox 982 1594 1086 1663; x_wconf 91' lang='lat' dir='ltr'>datam</span> <span class='ocrx_word' id='word_1_98' title='bbox 1109 1596 1201 1663; x_wconf 89' lang='lat' dir='ltr'>vobrs</span> <span class='ocrx_word' id='word_1_99' title='bbox 1224 1620 1242 1662; x_wconf 91' lang='lat' dir='ltr'>a</span> <span class='ocrx_word' id='word_1_100' title='bbox 1264 1598 1337 1664; x_wconf 92' lang='lat' dir='ltr'>Deo</span> <span class='ocrx_word' id='word_1_101' title='bbox 1366 1597 1573 1686; x_wconf 88' lang='lat' dir='ltr'>prudenciam</span> 
     </span>
     <span class='ocr_line' id='line_1_12' title="bbox 303 1681 622 1772; baseline -0.003 -23"><span class='ocrx_word' id='word_1_102' title='bbox 303 1681 407 1750; x_wconf 93' lang='lat' dir='ltr'>ordini</span> <span class='ocrx_word' id='word_1_103' title='bbox 430 1705 622 1772; x_wconf 88' lang='lat' dir='ltr'>comparare.</span> 
     </span>
    </p>
   </div>
   <div class='ocr_carea' id='block_1_3' title="bbox 407 1856 542 1912">
    <p class='ocr_par' dir='ltr' id='par_1_3' title="bbox 407 1856 542 1912">
     <span class='ocr_line' id='line_1_13' title="bbox 407 1856 542 1912; baseline 0 -2"><span class='ocrx_word' id='word_1_104' title='bbox 407 1856 463 1912; x_wconf 75' lang='lat' dir='ltr'>fol.</span> <span class='ocrx_word' id='word_1_105' title='bbox 485 1872 542 1910; x_wconf 91' lang='lat'>121.</span> 
     </span>
    </p>
   </div>
   <div class='ocr_carea' id='block_1_4' title="bbox 916 2013 957 2082">
    <p class='ocr_par' dir='ltr' id='par_1_4' title="bbox 916 2013 957 2082">
     <span class='ocr_line' id='line_1_14' title="bbox 916 2013 957 2082; baseline -0.024 0"><span class='ocrx_word' id='word_1_106' title='bbox 916 2013 957 2082; x_wconf 83' lang='lat' dir='ltr'>tt.</span> 
     </span>
    </p>
   </div>
   <div class='ocr_carea' id='block_1_5' title="bbox 301 2107 1574 2399">
    <p class='ocr_par' dir='ltr' id='par_1_5' title="bbox 301 2107 1574 2399">
     <span class='ocr_line' id='line_1_15' title="bbox 407 2107 1573 2226; baseline -0.001 -24"><span class='ocrx_word' id='word_1_107' title='bbox 407 2133 489 2222; x_wconf 84' lang='lat' dir='ltr'>(Der</span> <span class='ocrx_word' id='word_1_108' title='bbox 512 2135 787 2226; x_wconf 65' lang='lat' dir='ltr'>Provinqiafprr&#39;or)</span> <span class='ocrx_word' id='word_1_109' title='bbox 833 2137 951 2202; x_wconf 82' lang='lat' dir='ltr'>ewrihrt</span> <span class='ocrx_word' id='word_1_110' title='bbox 973 2137 1040 2202; x_wconf 83' lang='lat' dir='ltr'>drrrr</span> <span class='ocrx_word' id='word_1_111' title='bbox 1059 2136 1149 2202; x_wconf 86' lang='lat' dir='ltr'>Prior</span> <span class='ocrx_word' id='word_1_112' title='bbox 1171 2159 1231 2202; x_wconf 88' lang='lat' dir='ltr'>von</span> <span class='ocrx_word' id='word_1_113' title='bbox 1247 2107 1370 2204; x_wconf 70' lang='lat' dir='ltr'>Rostork</span> <span class='ocrx_word' id='word_1_114' title='bbox 1392 2135 1448 2201; x_wconf 87' lang='lat' dir='ltr'>das</span> <span class='ocrx_word' id='word_1_115' title='bbox 1471 2135 1573 2215; x_wconf 82' lang='lat' dir='ltr'>Recht,</span> 
     </span>
     <span class='ocr_line' id='line_1_16' title="bbox 301 2218 1574 2311; baseline -0.001 -24"><span class='ocrx_word' id='word_1_116' title='bbox 301 2245 389 2288; x_wconf 84' lang='lat' dir='ltr'>wrnn</span> <span class='ocrx_word' id='word_1_117' title='bbox 412 2222 503 2288; x_wconf 76' lang='lat' dir='ltr'>Farsr</span> <span class='ocrx_word' id='word_1_118' title='bbox 527 2220 679 2289; x_wconf 83' lang='lat' dir='ltr'>Nikolurrs</span> <span class='ocrx_word' id='word_1_119' title='bbox 702 2218 775 2309; x_wconf 84' lang='lat' dir='ltr'>(von</span> <span class='ocrx_word' id='word_1_120' title='bbox 838 2221 899 2289; x_wconf 82' lang='lat' dir='ltr'>erle</span> <span class='ocrx_word' id='word_1_121' title='bbox 935 2225 1015 2288; x_wconf 83' lang='lat' dir='ltr'>srinr</span> <span class='ocrx_word' id='word_1_122' title='bbox 1037 2222 1235 2311; x_wconf 78' lang='lat' dir='ltr'>Hoffraltrrrrg</span> <span class='ocrx_word' id='word_1_123' title='bbox 1257 2223 1384 2310; x_wconf 82' lang='lat' dir='ltr'>vrrfrgt,</span> <span class='ocrx_word' id='word_1_124' title='bbox 1407 2221 1474 2287; x_wconf 82' lang='lat' dir='ltr'>dem</span> <span class='ocrx_word' id='word_1_125' title='bbox 1490 2221 1574 2294; x_wconf 77' lang='lat' dir='ltr'>Hofr</span> 
     </span>
     <span class='ocr_line' id='line_1_17' title="bbox 301 2221 1572 2399; baseline 0 -25"><span class='ocrx_word' id='word_1_126' title='bbox 301 2332 339 2396; x_wconf 69' lang='lat' dir='ltr'>qu</span> <span class='ocrx_word' id='word_1_127' title='bbox 355 2308 466 2398; x_wconf 78' lang='lat' dir='ltr'>solgrrr</span> <span class='ocrx_word' id='word_1_128' title='bbox 481 2308 546 2375; x_wconf 86' lang='lat' dir='ltr'>rrrrd</span> <span class='ocrx_word' id='word_1_129' title='bbox 559 2309 607 2375; x_wconf 79' lang='lat' dir='ltr'>die</span> <span class='ocrx_word' id='word_1_130' title='bbox 622 2309 742 2376; x_wconf 82' lang='lat' dir='ltr'>Beirhtr</span> <span class='ocrx_word' id='word_1_131' title='bbox 757 2309 811 2376; x_wconf 83' lang='lat' dir='ltr'>der</span> <span class='ocrx_word' id='word_1_132' title='bbox 826 2221 970 2399; x_wconf 66' lang='lat' dir='ltr'>dedngr</span> <span class='ocrx_word' id='word_1_133' title='bbox 984 2333 1024 2396; x_wconf 67' lang='lat' dir='ltr'>zu</span> <span class='ocrx_word' id='word_1_134' title='bbox 1040 2309 1141 2376; x_wconf 75' lang='lat' dir='ltr'>hiran.</span> <span class='ocrx_word' id='word_1_135' title='bbox 1174 2307 1194 2398; x_wconf 89' lang='lat'><em>(</em></span> <span class='ocrx_word' id='word_1_136' title='bbox 1195 2311 1253 2376; x_wconf 90' lang='lat' dir='ltr'>Um</span> <span class='ocrx_word' id='word_1_137' title='bbox 1271 2328 1331 2395; x_wconf 86' lang='lat'>127</span> <span class='ocrx_word' id='word_1_138' title='bbox 1334 2331 1366 2392; x_wconf 80' lang='lat'>5,</span> <span class='ocrx_word' id='word_1_139' title='bbox 1389 2331 1445 2375; x_wconf 89' lang='lat' dir='ltr'>vor</span> <span class='ocrx_word' id='word_1_140' title='bbox 1462 2309 1572 2399; x_wconf 82' lang='lat'><em>1277.)</em></span> 
     </span>
    </p>
   </div>
   <div class='ocr_carea' id='block_1_6' title="bbox 302 2429 1574 3038">
    <p class='ocr_par' dir='ltr' id='par_1_6' title="bbox 302 2429 1574 3038">
     <span class='ocr_line' id='line_1_18' title="bbox 406 2429 1573 2520; baseline 0 -24"><span class='ocrx_word' id='word_1_141' title='bbox 406 2431 507 2497; x_wconf 93' lang='lat' dir='ltr'>Priori</span> <span class='ocrx_word' id='word_1_142' title='bbox 531 2431 739 2499; x_wconf 90' lang='lat' dir='ltr'>Rozstocensi</span> <span class='ocrx_word' id='word_1_143' title='bbox 763 2429 973 2518; x_wconf 90' lang='lat' dir='ltr'>provincialis.</span> <span class='ocrx_word' id='word_1_144' title='bbox 1022 2432 1074 2514; x_wconf 92' lang='lat' dir='ltr'>Ut,</span> <span class='ocrx_word' id='word_1_145' title='bbox 1099 2429 1186 2520; x_wconf 92' lang='lat' dir='ltr'>quod</span> <span class='ocrx_word' id='word_1_146' title='bbox 1210 2432 1241 2497; x_wconf 95' lang='lat' dir='ltr'>in</span> <span class='ocrx_word' id='word_1_147' title='bbox 1265 2430 1358 2498; x_wconf 94' lang='lat' dir='ltr'>nobis</span> <span class='ocrx_word' id='word_1_148' title='bbox 1383 2448 1440 2512; x_wconf 93' lang='lat' dir='ltr'>est,</span> <span class='ocrx_word' id='word_1_149' title='bbox 1465 2429 1573 2497; x_wconf 87' lang='lat' dir='ltr'>salutis</span> 
     </span>
     <span class='ocr_line' id='line_1_19' title="bbox 303 2517 1573 2606; baseline -0.001 -22"><span class='ocrx_word' id='word_1_150' title='bbox 303 2541 370 2584; x_wconf 95' lang='lat' dir='ltr'>non</span> <span class='ocrx_word' id='word_1_151' title='bbox 394 2517 475 2584; x_wconf 89' lang='lat' dir='ltr'>desit</span> <span class='ocrx_word' id='word_1_152' title='bbox 495 2521 621 2584; x_wconf 91' lang='lat' dir='ltr'>occasio</span> <span class='ocrx_word' id='word_1_153' title='bbox 645 2517 819 2600; x_wconf 89' lang='lat' dir='ltr'>animabus,</span> <span class='ocrx_word' id='word_1_154' title='bbox 843 2529 956 2585; x_wconf 89' lang='lat' dir='ltr'>tenore</span> <span class='ocrx_word' id='word_1_155' title='bbox 971 2519 1167 2606; x_wconf 91' lang='lat' dir='ltr'>presentium</span> <span class='ocrx_word' id='word_1_156' title='bbox 1183 2517 1274 2586; x_wconf 91' lang='lat' dir='ltr'>vobis</span> <span class='ocrx_word' id='word_1_157' title='bbox 1286 2519 1475 2604; x_wconf 23' lang='lat' dir='ltr'>&#39;committ0‚</span> <span class='ocrx_word' id='word_1_158' title='bbox 1499 2539 1573 2606; x_wconf 91' lang='lat' dir='ltr'>qua-</span> 
     </span>
     <span class='ocr_line' id='line_1_20' title="bbox 303 2603 1573 2694; baseline -0.002 -22"><span class='ocrx_word' id='word_1_159' title='bbox 303 2616 413 2686; x_wconf 91' lang='lat' dir='ltr'>tenus,</span> <span class='ocrx_word' id='word_1_160' title='bbox 444 2606 471 2671; x_wconf 94' lang='lat' dir='ltr'>si</span> <span class='ocrx_word' id='word_1_161' title='bbox 494 2606 579 2671; x_wconf 88' lang='lat' dir='ltr'>curia</span> <span class='ocrx_word' id='word_1_162' title='bbox 609 2603 733 2672; x_wconf 91' lang='lat' dir='ltr'>domini</span> <span class='ocrx_word' id='word_1_163' title='bbox 755 2605 891 2694; x_wconf 91' lang='lat' dir='ltr'>Nicolay</span> <span class='ocrx_word' id='word_1_164' title='bbox 919 2623 951 2672; x_wconf 91' lang='lat' dir='ltr'>et</span> <span class='ocrx_word' id='word_1_165' title='bbox 980 2604 1119 2672; x_wconf 86' lang='lat' dir='ltr'>filiorum</span> <span class='ocrx_word' id='word_1_166' title='bbox 1149 2607 1216 2673; x_wconf 91' lang='lat' dir='ltr'>eius</span> <span class='ocrx_word' id='word_1_167' title='bbox 1239 2629 1273 2672; x_wconf 93' lang='lat' dir='ltr'>se</span> <span class='ocrx_word' id='word_1_168' title='bbox 1302 2616 1389 2672; x_wconf 87' lang='lat' dir='ltr'>extra</span> <span class='ocrx_word' id='word_1_169' title='bbox 1415 2605 1573 2671; x_wconf 88' lang='lat' dir='ltr'>terminos</span> 
     </span>
     <span class='ocr_line' id='line_1_21' title="bbox 303 2689 1574 2780; baseline -0.002 -20"><span class='ocrx_word' id='word_1_170' title='bbox 303 2703 426 2760; x_wconf 90' lang='lat' dir='ltr'>vestros</span> <span class='ocrx_word' id='word_1_171' title='bbox 457 2690 497 2758; x_wconf 89' lang='lat' dir='ltr'>ad</span> <span class='ocrx_word' id='word_1_172' title='bbox 524 2692 595 2759; x_wconf 92' lang='lat' dir='ltr'>loca</span> <span class='ocrx_word' id='word_1_173' title='bbox 617 2693 809 2760; x_wconf 88' lang='lat' dir='ltr'>transtulerit</span> <span class='ocrx_word' id='word_1_174' title='bbox 835 2691 909 2774; x_wconf 86' lang='lat' dir='ltr'>alia,</span> <span class='ocrx_word' id='word_1_175' title='bbox 939 2692 1011 2759; x_wconf 92' lang='lat' dir='ltr'>illuc</span> <span class='ocrx_word' id='word_1_176' title='bbox 1038 2692 1077 2760; x_wconf 90' lang='lat' dir='ltr'>ad</span> <span class='ocrx_word' id='word_1_177' title='bbox 1107 2694 1194 2780; x_wconf 90' lang='lat' dir='ltr'>ipsos</span> <span class='ocrx_word' id='word_1_178' title='bbox 1217 2693 1344 2780; x_wconf 91' lang='lat' dir='ltr'>possitis</span> <span class='ocrx_word' id='word_1_179' title='bbox 1367 2689 1518 2759; x_wconf 91' lang='lat' dir='ltr'>accedere</span> <span class='ocrx_word' id='word_1_180' title='bbox 1542 2704 1574 2759; x_wconf 93' lang='lat' dir='ltr'>et</span> 
     </span>
     <span class='ocr_line' id='line_1_22' title="bbox 303 2777 1573 2868; baseline -0.002 -22"><span class='ocrx_word' id='word_1_181' title='bbox 303 2778 523 2849; x_wconf 90' lang='lat' dir='ltr'>confessiones</span> <span class='ocrx_word' id='word_1_182' title='bbox 545 2777 652 2868; x_wconf 78' lang='lat' dir='ltr'>audire</span> <span class='ocrx_word' id='word_1_183' title='bbox 668 2778 831 2845; x_wconf 88' lang='lat' dir='ltr'>curialium</span> <span class='ocrx_word' id='word_1_184' title='bbox 854 2802 983 2845; x_wconf 93' lang='lat' dir='ltr'>necnon</span> <span class='ocrx_word' id='word_1_185' title='bbox 1006 2779 1045 2846; x_wconf 86' lang='lat' dir='ltr'>ad</span> <span class='ocrx_word' id='word_1_186' title='bbox 1068 2777 1152 2846; x_wconf 89' lang='lat' dir='ltr'>istud</span> <span class='ocrx_word' id='word_1_187' title='bbox 1171 2780 1344 2866; x_wconf 88' lang='lat' dir='ltr'>negocium</span> <span class='ocrx_word' id='word_1_188' title='bbox 1369 2779 1479 2845; x_wconf 87' lang='lat' dir='ltr'>fratres</span> <span class='ocrx_word' id='word_1_189' title='bbox 1495 2779 1573 2846; x_wconf 90' lang='lat' dir='ltr'>alios</span> 
     </span>
     <span class='ocr_line' id='line_1_23' title="bbox 302 2861 1573 2953; baseline 0.001 -23"><span class='ocrx_word' id='word_1_190' title='bbox 302 2865 399 2952; x_wconf 92' lang='lat' dir='ltr'>ipsius</span> <span class='ocrx_word' id='word_1_191' title='bbox 416 2866 501 2931; x_wconf 90' lang='lat' dir='ltr'>curie</span> <span class='ocrx_word' id='word_1_192' title='bbox 522 2865 722 2931; x_wconf 90' lang='lat' dir='ltr'>confessores</span> <span class='ocrx_word' id='word_1_193' title='bbox 738 2866 875 2946; x_wconf 90' lang='lat' dir='ltr'>mittere,</span> <span class='ocrx_word' id='word_1_194' title='bbox 900 2888 973 2931; x_wconf 89' lang='lat' dir='ltr'>cum</span> <span class='ocrx_word' id='word_1_195' title='bbox 988 2864 1108 2932; x_wconf 91' lang='lat' dir='ltr'>fueritis</span> <span class='ocrx_word' id='word_1_196' title='bbox 1129 2865 1306 2953; x_wconf 92' lang='lat' dir='ltr'>requisitus,</span> <span class='ocrx_word' id='word_1_197' title='bbox 1331 2861 1573 2936; x_wconf 88' lang='lat' dir='ltr'>donecduxero</span> 
     </span>
     <span class='ocr_line' id='line_1_24' title="bbox 302 2949 898 3038; baseline 0.002 -22"><span class='ocrx_word' id='word_1_198' title='bbox 302 2949 546 3038; x_wconf 90' lang='lat' dir='ltr'>prohibendum.</span> <span class='ocrx_word' id='word_1_199' title='bbox 593 2950 704 3018; x_wconf 91' lang='lat' dir='ltr'>Valete</span> <span class='ocrx_word' id='word_1_200' title='bbox 730 2962 761 3017; x_wconf 94' lang='lat' dir='ltr'>et</span> <span class='ocrx_word' id='word_1_201' title='bbox 784 2964 898 3018; x_wconf 89' lang='lat' dir='ltr'>cetera.</span> 
     </span>
    </p>
   </div>
   <div class='ocr_carea' id='block_1_7' title="bbox 572 3079 616 3086">
    <p class='ocr_par' dir='ltr' id='par_1_7' title="bbox 572 3079 616 3086">
     <span class='ocr_line' id='line_1_25' title="bbox 572 3079 616 3086; baseline 0.023 -1"><span class='ocrx_word' id='word_1_202' title='bbox 572 3079 616 3086; x_wconf 70' lang='grc' dir='ltr'>..ι-ι</span> 
     </span>
    </p>
   </div>
   <div class='ocr_carea' id='block_1_8' title="bbox 300 3121 1573 3374">
    <p class='ocr_par' dir='ltr' id='par_1_8' title="bbox 300 3121 1573 3374">
     <span class='ocr_line' id='line_1_26' title="bbox 406 3121 1573 3196; baseline 0.003 -18"><span class='ocrx_word' id='word_1_203' title='bbox 406 3125 557 3192; x_wconf 77' lang='lat' dir='ltr'>F01.124v.</span> <span class='ocrx_word' id='word_1_204' title='bbox 589 3127 631 3180; x_wconf 88' lang='lat' dir='ltr'>Da</span> <span class='ocrx_word' id='word_1_205' title='bbox 650 3125 697 3180; x_wconf 92' lang='lat' dir='ltr'>das</span> <span class='ocrx_word' id='word_1_206' title='bbox 716 3126 861 3180; x_wconf 85' lang='lat' dir='ltr'>Sclrreiben</span> <span class='ocrx_word' id='word_1_207' title='bbox 881 3125 1027 3196; x_wconf 91' lang='lat' dir='ltr'>unbedingt</span> <span class='ocrx_word' id='word_1_208' title='bbox 1046 3141 1094 3180; x_wconf 90' lang='lat' dir='ltr'>vor</span> <span class='ocrx_word' id='word_1_209' title='bbox 1109 3121 1254 3193; x_wconf 82' lang='lat' dir='ltr'>1286ra11r,</span> <span class='ocrx_word' id='word_1_210' title='bbox 1274 3143 1305 3180; x_wconf 93' lang='lat' dir='ltr'>so</span> <span class='ocrx_word' id='word_1_211' title='bbox 1324 3126 1393 3180; x_wconf 85' lang='lat' dir='ltr'>kann</span> <span class='ocrx_word' id='word_1_212' title='bbox 1410 3131 1510 3196; x_wconf 78' lang='lat' dir='ltr'>&#39;wegen</span> <span class='ocrx_word' id='word_1_213' title='bbox 1525 3126 1573 3183; x_wconf 80' lang='lat' dir='ltr'>Er.-</span> 
     </span>
     <span class='ocr_line' id='line_1_27' title="bbox 300 3207 1573 3285; baseline 0 -18"><span class='ocrx_word' id='word_1_214' title='bbox 300 3214 438 3285; x_wconf 74' lang='lat' dir='ltr'>wihnung</span> <span class='ocrx_word' id='word_1_215' title='bbox 456 3213 503 3268; x_wconf 87' lang='lat' dir='ltr'>der</span> <span class='ocrx_word' id='word_1_216' title='bbox 520 3213 565 3268; x_wconf 86' lang='lat' dir='ltr'>filii</span> <span class='ocrx_word' id='word_1_217' title='bbox 588 3232 638 3268; x_wconf 94' lang='lat' dir='ltr'>nur</span> <span class='ocrx_word' id='word_1_218' title='bbox 656 3213 732 3268; x_wconf 78' lang='lat' dir='ltr'>Furst</span> <span class='ocrx_word' id='word_1_219' title='bbox 751 3213 880 3268; x_wconf 87' lang='lat' dir='ltr'>Nikolaus</span> <span class='ocrx_word' id='word_1_220' title='bbox 898 3214 918 3268; x_wconf 91' lang='lat'>1.</span> <span class='ocrx_word' id='word_1_221' title='bbox 939 3231 993 3268; x_wconf 90' lang='lat' dir='ltr'>von</span> <span class='ocrx_word' id='word_1_222' title='bbox 1011 3207 1238 3268; x_wconf 89' lang='lat' dir='ltr'>Rostock-Werle</span> <span class='ocrx_word' id='word_1_223' title='bbox 1260 3227 1433 3285; x_wconf 88' lang='lat'>1229-1277</span> <span class='ocrx_word' id='word_1_224' title='bbox 1452 3213 1573 3283; x_wconf 87' lang='lat' dir='ltr'>gemeint</span> 
     </span>
     <span class='ocr_line' id='line_1_28' title="bbox 300 3300 1396 3374; baseline 0 -18"><span class='ocrx_word' id='word_1_225' title='bbox 300 3303 364 3357; x_wconf 90' lang='lat' dir='ltr'>sein.</span> <span class='ocrx_word' id='word_1_226' title='bbox 401 3301 520 3356; x_wconf 80' lang='lat' dir='ltr'>Rostoclr</span> <span class='ocrx_word' id='word_1_227' title='bbox 538 3301 630 3357; x_wconf 90' lang='lat' dir='ltr'>wurde</span> <span class='ocrx_word' id='word_1_228' title='bbox 649 3301 768 3374; x_wconf 88' lang='lat' dir='ltr'>gestiftet</span> <span class='ocrx_word' id='word_1_229' title='bbox 790 3301 871 3372; x_wconf 83' lang='lat'>1256;</span> <span class='ocrx_word' id='word_1_230' title='bbox 892 3301 944 3374; x_wconf 88' lang='lat' dir='ltr'>vgl.</span> <span class='ocrx_word' id='word_1_231' title='bbox 965 3300 1163 3374; x_wconf 81' lang='lat' dir='ltr'>Meclxlenburg.</span> <span class='ocrx_word' id='word_1_232' title='bbox 1183 3301 1272 3374; x_wconf 86' lang='lat' dir='ltr'>Jahrb.</span> <span class='ocrx_word' id='word_1_233' title='bbox 1292 3317 1334 3368; x_wconf 86' lang='lat'>21,</span> <span class='ocrx_word' id='word_1_234' title='bbox 1355 3315 1396 3356; x_wconf 81' lang='lat' dir='ltr'>zo.</span> 
     </span>
    </p>
   </div>
   <div class='ocr_carea' id='block_1_9' title="bbox 913 3460 962 3528">
    <p class='ocr_par' dir='ltr' id='par_1_9' title="bbox 913 3460 962 3528">
     <span class='ocr_line' id='line_1_29' title="bbox 913 3460 962 3528; baseline -0.041 0"><span class='ocrx_word' id='word_1_235' title='bbox 913 3460 962 3528; x_wconf 83' lang='lat'>72.</span> 
     </span>
    </p>
   </div>
   <div class='ocr_carea' id='block_1_10' title="bbox 300 3580 1572 3758">
    <p class='ocr_par' dir='ltr' id='par_1_10' title="bbox 300 3580 1572 3758">
     <span class='ocr_line' id='line_1_30' title="bbox 406 3580 1572 3670; baseline -0.003 -23"><span class='ocrx_word' id='word_1_236' title='bbox 406 3583 584 3668; x_wconf 68' lang='lat' dir='ltr'>Provirrqr&#39;al</span> <span class='ocrx_word' id='word_1_237' title='bbox 604 3582 710 3648; x_wconf 86' lang='lat' dir='ltr'>Ulrr&#39;clr</span> <span class='ocrx_word' id='word_1_238' title='bbox 733 3581 911 3670; x_wconf 79' lang='lat' dir='ltr'>beorrstrogt</span> <span class='ocrx_word' id='word_1_239' title='bbox 936 3584 1020 3646; x_wconf 85' lang='lat' dir='ltr'>einerr</span> <span class='ocrx_word' id='word_1_240' title='bbox 1037 3581 1128 3646; x_wconf 81' lang='lat' dir='ltr'>Prior</span> <span class='ocrx_word' id='word_1_241' title='bbox 1150 3583 1205 3646; x_wconf 83' lang='lat' dir='ltr'>mir</span> <span class='ocrx_word' id='word_1_242' title='bbox 1228 3581 1281 3646; x_wconf 84' lang='lat' dir='ltr'>der</span> <span class='ocrx_word' id='word_1_243' title='bbox 1300 3580 1474 3666; x_wconf 84' lang='lat' dir='ltr'>Grrindurrg</span> <span class='ocrx_word' id='word_1_244' title='bbox 1493 3581 1572 3644; x_wconf 85' lang='lat' dir='ltr'>eines</span> 
     </span>
     <span class='ocr_line' id='line_1_31' title="bbox 300 3667 987 3758; baseline 0 -24"><span class='ocrx_word' id='word_1_245' title='bbox 300 3670 469 3734; x_wconf 82' lang='lat' dir='ltr'>Konvcrrtes</span> <span class='ocrx_word' id='word_1_246' title='bbox 492 3671 523 3734; x_wconf 88' lang='lat' dir='ltr'>in</span> <span class='ocrx_word' id='word_1_247' title='bbox 548 3668 724 3756; x_wconf 80' lang='lat' dir='ltr'>Nr&#39;irnberg.</span> <span class='ocrx_word' id='word_1_248' title='bbox 772 3667 850 3756; x_wconf 79' lang='lat' dir='ltr'>(Uro</span> <span class='ocrx_word' id='word_1_249' title='bbox 877 3688 937 3752; x_wconf 86' lang='lat'>127</span> <span class='ocrx_word' id='word_1_250' title='bbox 941 3667 987 3758; x_wconf 83' lang='lat'>5.)</span> 
     </span>
    </p>
   </div>
   <div class='ocr_carea' id='block_1_11' title="bbox 276 3769 1645 4986">
    <p class='ocr_par' dir='ltr' id='par_1_11' title="bbox 276 3769 1645 4986">
     <span class='ocr_line' id='line_1_32' title="bbox 404 3769 1645 3859; baseline -0.003 -21"><span class='ocrx_word' id='word_1_251' title='bbox 404 3773 579 3838; x_wconf 88' lang='lat' dir='ltr'>Karissimo</span> <span class='ocrx_word' id='word_1_252' title='bbox 611 3773 645 3838; x_wconf 92' lang='lat' dir='ltr'>in</span> <span class='ocrx_word' id='word_1_253' title='bbox 677 3773 806 3840; x_wconf 89' lang='lat' dir='ltr'>Christo</span> <span class='ocrx_word' id='word_1_254' title='bbox 840 3773 938 3859; x_wconf 88' lang='lat' dir='ltr'>priori</span> <span class='ocrx_word' id='word_1_255' title='bbox 968 3771 1010 3837; x_wconf 91' lang='lat' dir='ltr'>N.</span> <span class='ocrx_word' id='word_1_256' title='bbox 1042 3770 1135 3838; x_wconf 91' lang='lat' dir='ltr'>frater</span> <span class='ocrx_word' id='word_1_257' title='bbox 1166 3769 1300 3837; x_wconf 90' lang='lat' dir='ltr'>Ulricus.</span> <span class='ocrx_word' id='word_1_258' title='bbox 1357 3769 1457 3852; x_wconf 92' lang='lat' dir='ltr'>Quia,</span> <span class='ocrx_word' id='word_1_259' title='bbox 1490 3769 1571 3835; x_wconf 91' lang='lat' dir='ltr'>sicut</span> <span class='ocrx_word' id='word_1_260' title='bbox 1644 3777 1645 3782; x_wconf 76' lang='grc'>’</span> 
     </span>
     <span class='ocr_line' id='line_1_33' title="bbox 299 3855 1572 3946; baseline -0.002 -22"><span class='ocrx_word' id='word_1_261' title='bbox 299 3859 415 3940; x_wconf 90' lang='lat' dir='ltr'>nostis,</span> <span class='ocrx_word' id='word_1_262' title='bbox 439 3858 622 3945; x_wconf 89' lang='lat' dir='ltr'>providere,</span> <span class='ocrx_word' id='word_1_263' title='bbox 646 3859 777 3946; x_wconf 89' lang='lat' dir='ltr'>qualiter</span> <span class='ocrx_word' id='word_1_264' title='bbox 801 3857 917 3925; x_wconf 92' lang='lat' dir='ltr'>domus</span> <span class='ocrx_word' id='word_1_265' title='bbox 941 3859 1107 3945; x_wconf 87' lang='lat' dir='ltr'>recipiatur</span> <span class='ocrx_word' id='word_1_266' title='bbox 1135 3859 1168 3923; x_wconf 92' lang='lat' dir='ltr'>in</span> <span class='ocrx_word' id='word_1_267' title='bbox 1190 3856 1428 3936; x_wconf 88' lang='lat' dir='ltr'>Nuremberch,</span> <span class='ocrx_word' id='word_1_268' title='bbox 1452 3855 1531 3922; x_wconf 92' lang='lat' dir='ltr'>mihi</span> <span class='ocrx_word' id='word_1_269' title='bbox 1554 3879 1572 3921; x_wconf 88' lang='lat' dir='ltr'>a</span> 
     </span>
     <span class='ocr_line' id='line_1_34' title="bbox 298 3941 1571 4030; baseline -0.004 -20"><span class='ocrx_word' id='word_1_270' title='bbox 298 3944 482 4030; x_wconf 91' lang='lat' dir='ltr'>provinciali</span> <span class='ocrx_word' id='word_1_271' title='bbox 506 3943 642 4030; x_wconf 90' lang='lat' dir='ltr'>capitulo</span> <span class='ocrx_word' id='word_1_272' title='bbox 667 3955 715 4010; x_wconf 94' lang='lat' dir='ltr'>est</span> <span class='ocrx_word' id='word_1_273' title='bbox 737 3955 914 4026; x_wconf 89' lang='lat' dir='ltr'>servatum,</span> <span class='ocrx_word' id='word_1_274' title='bbox 944 3945 1006 4009; x_wconf 88' lang='lat' dir='ltr'>iarn</span> <span class='ocrx_word' id='word_1_275' title='bbox 1029 3941 1140 4010; x_wconf 89' lang='lat' dir='ltr'>adesse</span> <span class='ocrx_word' id='word_1_276' title='bbox 1163 3955 1290 4028; x_wconf 88' lang='lat' dir='ltr'>ternpus</span> <span class='ocrx_word' id='word_1_277' title='bbox 1312 3941 1454 4007; x_wconf 89' lang='lat' dir='ltr'>iudicans</span> <span class='ocrx_word' id='word_1_278' title='bbox 1476 3964 1571 4027; x_wconf 91' lang='lat' dir='ltr'>opor-</span> 
     </span>
     <span class='ocr_line' id='line_1_35' title="bbox 297 4023 1571 4119; baseline -0.003 -23"><span class='ocrx_word' id='word_1_279' title='bbox 297 4042 427 4112; x_wconf 90' lang='lat' dir='ltr'>tunum,</span> <span class='ocrx_word' id='word_1_280' title='bbox 458 4054 522 4118; x_wconf 94' lang='lat' dir='ltr'>quo</span> <span class='ocrx_word' id='word_1_281' title='bbox 547 4029 585 4096; x_wconf 87' lang='lat' dir='ltr'>ad</span> <span class='ocrx_word' id='word_1_282' title='bbox 614 4029 646 4096; x_wconf 95' lang='lat' dir='ltr'>id</span> <span class='ocrx_word' id='word_1_283' title='bbox 669 4031 793 4119; x_wconf 91' lang='lat' dir='ltr'>possint</span> <span class='ocrx_word' id='word_1_284' title='bbox 824 4028 921 4096; x_wconf 88' lang='lat' dir='ltr'>corda</span> <span class='ocrx_word' id='word_1_285' title='bbox 948 4030 1118 4094; x_wconf 90' lang='lat' dir='ltr'>hominum</span> <span class='ocrx_word' id='word_1_286' title='bbox 1148 4028 1267 4094; x_wconf 86' lang='lat' dir='ltr'>facilius</span> <span class='ocrx_word' id='word_1_287' title='bbox 1295 4025 1453 4108; x_wconf 90' lang='lat' dir='ltr'>inclinari,</span> <span class='ocrx_word' id='word_1_288' title='bbox 1480 4023 1571 4093; x_wconf 90' lang='lat' dir='ltr'>vobis</span> 
     </span>
     <span class='ocr_line' id='line_1_36' title="bbox 297 4113 1570 4204; baseline -0.002 -22"><span class='ocrx_word' id='word_1_289' title='bbox 297 4117 430 4204; x_wconf 91' lang='lat' dir='ltr'>iniungo</span> <span class='ocrx_word' id='word_1_290' title='bbox 446 4139 505 4204; x_wconf 94' lang='lat' dir='ltr'>pro</span> <span class='ocrx_word' id='word_1_291' title='bbox 522 4129 696 4204; x_wconf 91' lang='lat' dir='ltr'>augmento</span> <span class='ocrx_word' id='word_1_292' title='bbox 712 4128 893 4183; x_wconf 90' lang='lat' dir='ltr'>vestrorum</span> <span class='ocrx_word' id='word_1_293' title='bbox 910 4117 1109 4196; x_wconf 88' lang='lat' dir='ltr'>meritorum,</span> <span class='ocrx_word' id='word_1_294' title='bbox 1134 4116 1279 4202; x_wconf 87' lang='lat' dir='ltr'>quatinus</span> <span class='ocrx_word' id='word_1_295' title='bbox 1295 4125 1459 4200; x_wconf 88' lang='lat' dir='ltr'>assumpto</span> <span class='ocrx_word' id='word_1_296' title='bbox 1476 4113 1570 4180; x_wconf 90' lang='lat' dir='ltr'>fratre</span> 
     </span>
     <span class='ocr_line' id='line_1_37' title="bbox 297 4197 1571 4304; baseline -0.003 -35"><span class='ocrx_word' id='word_1_297' title='bbox 297 4203 338 4269; x_wconf 92' lang='lat' dir='ltr'>N.</span> <span class='ocrx_word' id='word_1_298' title='bbox 364 4201 479 4270; x_wconf 91' lang='lat' dir='ltr'>domus</span> <span class='ocrx_word' id='word_1_299' title='bbox 503 4204 556 4285; x_wconf 84' lang='lat' dir='ltr'>N,</span> <span class='ocrx_word' id='word_1_300' title='bbox 587 4227 683 4304; x_wconf 92' lang='lat' dir='ltr'>quem</span> <span class='ocrx_word' id='word_1_301' title='bbox 706 4202 745 4269; x_wconf 88' lang='lat' dir='ltr'>ad</span> <span class='ocrx_word' id='word_1_302' title='bbox 768 4201 800 4270; x_wconf 93' lang='lat' dir='ltr'>id</span> <span class='ocrx_word' id='word_1_303' title='bbox 823 4204 1010 4270; x_wconf 88' lang='lat' dir='ltr'>auctoritate</span> <span class='ocrx_word' id='word_1_304' title='bbox 1033 4201 1228 4288; x_wconf 89' lang='lat' dir='ltr'>presentium</span> <span class='ocrx_word' id='word_1_305' title='bbox 1253 4201 1408 4281; x_wconf 90' lang='lat' dir='ltr'>evocetis,</span> <span class='ocrx_word' id='word_1_306' title='bbox 1439 4197 1478 4266; x_wconf 93' lang='lat' dir='ltr'>ad</span> <span class='ocrx_word' id='word_1_307' title='bbox 1501 4222 1571 4286; x_wconf 94' lang='lat' dir='ltr'>pre-</span> 
     </span>
     <span class='ocr_line' id='line_1_38' title="bbox 298 4285 1571 4376; baseline -0.002 -22"><span class='ocrx_word' id='word_1_308' title='bbox 298 4289 416 4356; x_wconf 91' lang='lat' dir='ltr'>dictum</span> <span class='ocrx_word' id='word_1_309' title='bbox 448 4289 555 4356; x_wconf 91' lang='lat' dir='ltr'>locum</span> <span class='ocrx_word' id='word_1_310' title='bbox 587 4312 656 4356; x_wconf 86' lang='lat' dir='ltr'>srne</span> <span class='ocrx_word' id='word_1_311' title='bbox 684 4312 776 4356; x_wconf 89' lang='lat' dir='ltr'>more</span> <span class='ocrx_word' id='word_1_312' title='bbox 808 4288 976 4376; x_wconf 93' lang='lat' dir='ltr'>dispendio</span> <span class='ocrx_word' id='word_1_313' title='bbox 1000 4287 1207 4376; x_wconf 91' lang='lat' dir='ltr'>personaliter</span> <span class='ocrx_word' id='word_1_314' title='bbox 1235 4285 1391 4353; x_wconf 90' lang='lat' dir='ltr'>accedatis</span> <span class='ocrx_word' id='word_1_315' title='bbox 1423 4297 1455 4354; x_wconf 90' lang='lat' dir='ltr'>et</span> <span class='ocrx_word' id='word_1_316' title='bbox 1486 4287 1571 4353; x_wconf 92' lang='lat' dir='ltr'>iuxta</span> 
     </span>
     <span class='ocr_line' id='line_1_39' title="bbox 299 4373 1571 4464; baseline -0.003 -22"><span class='ocrx_word' id='word_1_317' title='bbox 299 4375 401 4443; x_wconf 91' lang='lat' dir='ltr'>datam</span> <span class='ocrx_word' id='word_1_318' title='bbox 417 4375 508 4444; x_wconf 89' lang='lat' dir='ltr'>vobis</span> <span class='ocrx_word' id='word_1_319' title='bbox 531 4377 637 4443; x_wconf 90' lang='lat' dir='ltr'>aDeo</span> <span class='ocrx_word' id='word_1_320' title='bbox 654 4378 787 4464; x_wconf 83' lang='lat' dir='ltr'>gratiam</span> <span class='ocrx_word' id='word_1_321' title='bbox 811 4375 991 4464; x_wconf 90' lang='lat' dir='ltr'>inpendetis</span> <span class='ocrx_word' id='word_1_322' title='bbox 1012 4398 1144 4463; x_wconf 91' lang='lat' dir='ltr'>operam</span> <span class='ocrx_word' id='word_1_323' title='bbox 1165 4373 1338 4456; x_wconf 88' lang='lat' dir='ltr'>efficacem,</span> <span class='ocrx_word' id='word_1_324' title='bbox 1361 4383 1397 4440; x_wconf 96' lang='lat' dir='ltr'>ut</span> <span class='ocrx_word' id='word_1_325' title='bbox 1417 4375 1571 4461; x_wconf 91' lang='lat' dir='ltr'>consequi</span> 
     </span>
     <span class='ocr_line' id='line_1_40' title="bbox 298 4461 1571 4550; baseline -0.002 -22"><span class='ocrx_word' id='word_1_326' title='bbox 298 4464 456 4550; x_wconf 92' lang='lat' dir='ltr'>possimus</span> <span class='ocrx_word' id='word_1_327' title='bbox 480 4487 586 4530; x_wconf 90' lang='lat' dir='ltr'>aream</span> <span class='ocrx_word' id='word_1_328' title='bbox 609 4464 769 4531; x_wconf 87' lang='lat' dir='ltr'>honestati</span> <span class='ocrx_word' id='word_1_329' title='bbox 793 4475 825 4530; x_wconf 93' lang='lat' dir='ltr'>et</span> <span class='ocrx_word' id='word_1_330' title='bbox 848 4464 972 4530; x_wconf 90' lang='lat' dir='ltr'>utilitati</span> <span class='ocrx_word' id='word_1_331' title='bbox 996 4461 1116 4529; x_wconf 91' lang='lat' dir='ltr'>ordinis</span> <span class='ocrx_word' id='word_1_332' title='bbox 1141 4472 1385 4549; x_wconf 89' lang='lat' dir='ltr'>congruentem.</span> <span class='ocrx_word' id='word_1_333' title='bbox 1432 4461 1470 4527; x_wconf 86' lang='lat' dir='ltr'>Et</span> <span class='ocrx_word' id='word_1_334' title='bbox 1498 4461 1571 4548; x_wconf 88' lang='lat' dir='ltr'>quia</span> 
     </span>
     <span class='ocr_line' id='line_1_41' title="bbox 299 4545 1570 4639; baseline -0.002 -23"><span class='ocrx_word' id='word_1_335' title='bbox 299 4573 357 4638; x_wconf 92' lang='lat' dir='ltr'>pro</span> <span class='ocrx_word' id='word_1_336' title='bbox 389 4550 570 4618; x_wconf 90' lang='lat' dir='ltr'>huiusmodi</span> <span class='ocrx_word' id='word_1_337' title='bbox 603 4553 742 4638; x_wconf 89' lang='lat' dir='ltr'>negocio</span> <span class='ocrx_word' id='word_1_338' title='bbox 778 4562 882 4639; x_wconf 90' lang='lat' dir='ltr'>partes</span> <span class='ocrx_word' id='word_1_339' title='bbox 910 4573 969 4618; x_wconf 84' lang='lat' dir='ltr'>vos</span> <span class='ocrx_word' id='word_1_340' title='bbox 999 4547 1160 4638; x_wconf 88' lang='lat' dir='ltr'>oportebit</span> <span class='ocrx_word' id='word_1_341' title='bbox 1195 4548 1326 4615; x_wconf 89' lang='lat' dir='ltr'>forsitan</span> <span class='ocrx_word' id='word_1_342' title='bbox 1357 4545 1506 4614; x_wconf 86' lang='lat' dir='ltr'>secedere</span> <span class='ocrx_word' id='word_1_343' title='bbox 1536 4547 1570 4613; x_wconf 93' lang='lat' dir='ltr'>in</span> 
     </span>
     <span class='ocr_line' id='line_1_42' title="bbox 276 4635 1570 4727; baseline -0.003 -23"><span class='ocrx_word' id='word_1_344' title='bbox 276 4661 279 4666; x_wconf 81' lang='grc'><strong><em>’</em></strong></span> <span class='ocrx_word' id='word_1_345' title='bbox 299 4636 453 4720; x_wconf 86' lang='lat' dir='ltr'>adversas,</span> <span class='ocrx_word' id='word_1_346' title='bbox 469 4639 511 4706; x_wconf 89' lang='lat' dir='ltr'>ita</span> <span class='ocrx_word' id='word_1_347' title='bbox 523 4650 557 4706; x_wconf 94' lang='lat' dir='ltr'>ut</span> <span class='ocrx_word' id='word_1_348' title='bbox 569 4637 738 4727; x_wconf 91' lang='lat' dir='ltr'>aliquando</span> <span class='ocrx_word' id='word_1_349' title='bbox 749 4662 859 4706; x_wconf 89' lang='lat' dir='ltr'>coram</span> <span class='ocrx_word' id='word_1_350' title='bbox 870 4637 957 4725; x_wconf 90' lang='lat' dir='ltr'>r&#39;ege,</span> <span class='ocrx_word' id='word_1_351' title='bbox 974 4636 1165 4726; x_wconf 89' lang='lat' dir='ltr'>quandoque</span> <span class='ocrx_word' id='word_1_352' title='bbox 1176 4658 1285 4704; x_wconf 91' lang='lat' dir='ltr'>coram</span> <span class='ocrx_word' id='word_1_353' title='bbox 1297 4636 1460 4724; x_wconf 85' lang='lat' dir='ltr'>episcopo,</span> <span class='ocrx_word' id='word_1_354' title='bbox 1474 4635 1570 4701; x_wconf 90' lang='lat' dir='ltr'>inter·</span> 
     </span>
     <span class='ocr_line' id='line_1_43' title="bbox 300 4720 1571 4814; baseline -0.004 -22"><span class='ocrx_word' id='word_1_355' title='bbox 300 4724 374 4792; x_wconf 90' lang='lat' dir='ltr'>dum</span> <span class='ocrx_word' id='word_1_356' title='bbox 392 4749 499 4792; x_wconf 88' lang='lat' dir='ltr'>coram</span> <span class='ocrx_word' id='word_1_357' title='bbox 519 4726 584 4792; x_wconf 92' lang='lat' dir='ltr'>aliis</span> <span class='ocrx_word' id='word_1_358' title='bbox 600 4750 658 4794; x_wconf 91' lang='lat' dir='ltr'>vos</span> <span class='ocrx_word' id='word_1_359' title='bbox 675 4737 823 4814; x_wconf 90' lang='lat' dir='ltr'>oporteat</span> <span class='ocrx_word' id='word_1_360' title='bbox 839 4747 1035 4812; x_wconf 89' lang='lat' dir='ltr'>comparere,</span> <span class='ocrx_word' id='word_1_361' title='bbox 1059 4748 1110 4806; x_wconf 91' lang='lat' dir='ltr'>ne,</span> <span class='ocrx_word' id='word_1_362' title='bbox 1135 4748 1209 4791; x_wconf 92' lang='lat' dir='ltr'>cum</span> <span class='ocrx_word' id='word_1_363' title='bbox 1225 4724 1313 4812; x_wconf 89' lang='lat' dir='ltr'>quasi</span> <span class='ocrx_word' id='word_1_364' title='bbox 1328 4721 1415 4788; x_wconf 92' lang='lat' dir='ltr'>solus</span> <span class='ocrx_word' id='word_1_365' title='bbox 1432 4720 1571 4810; x_wconf 88' lang='lat' dir='ltr'>pluribus</span> 
     </span>
     <span class='ocr_line' id='line_1_44' title="bbox 299 4808 1569 4900; baseline -0.002 -22"><span class='ocrx_word' id='word_1_366' title='bbox 299 4812 471 4895; x_wconf 87' lang='lat' dir='ltr'>intenditis,</span> <span class='ocrx_word' id='word_1_367' title='bbox 495 4812 533 4880; x_wconf 92' lang='lat' dir='ltr'>ad</span> <span class='ocrx_word' id='word_1_368' title='bbox 549 4814 671 4900; x_wconf 89' lang='lat' dir='ltr'>singula</span> <span class='ocrx_word' id='word_1_369' title='bbox 694 4815 801 4880; x_wconf 89' lang='lat' dir='ltr'>minor</span> <span class='ocrx_word' id='word_1_370' title='bbox 824 4813 902 4894; x_wconf 92' lang='lat' dir='ltr'>sitis,</span> <span class='ocrx_word' id='word_1_371' title='bbox 926 4811 1047 4879; x_wconf 89' lang='lat' dir='ltr'>dilectis</span> <span class='ocrx_word' id='word_1_372' title='bbox 1070 4813 1102 4877; x_wconf 94' lang='lat' dir='ltr'>in</span> <span class='ocrx_word' id='word_1_373' title='bbox 1120 4811 1249 4879; x_wconf 89' lang='lat' dir='ltr'>Christo</span> <span class='ocrx_word' id='word_1_374' title='bbox 1273 4808 1440 4877; x_wconf 90' lang='lat' dir='ltr'>fratribus.</span> <span class='ocrx_word' id='word_1_375' title='bbox 1460 4861 1466 4875; x_wconf 92' lang='lat'><em>.</em></span> <span class='ocrx_word' id='word_1_376' title='bbox 1484 4819 1540 4876; x_wconf 92' lang='lat' dir='ltr'>et.</span> <span class='ocrx_word' id='word_1_377' title='bbox 1562 4861 1569 4875; x_wconf 91' lang='lat'><strong>.</strong></span> 
     </span>
     <span class='ocr_line' id='line_1_45' title="bbox 300 4894 1570 4986; baseline -0.003 -22"><span class='ocrx_word' id='word_1_378' title='bbox 300 4911 516 4966; x_wconf 87' lang='lat' dir='ltr'>conventuum</span> <span class='ocrx_word' id='word_1_379' title='bbox 538 4900 646 4967; x_wconf 88' lang='lat' dir='ltr'>talium</span> <span class='ocrx_word' id='word_1_380' title='bbox 671 4899 744 4967; x_wconf 93' lang='lat' dir='ltr'>dedi</span> <span class='ocrx_word' id='word_1_381' title='bbox 767 4899 911 4966; x_wconf 90' lang='lat' dir='ltr'>similiter</span> <span class='ocrx_word' id='word_1_382' title='bbox 937 4900 970 4964; x_wconf 92' lang='lat' dir='ltr'>in</span> <span class='ocrx_word' id='word_1_383' title='bbox 995 4899 1191 4979; x_wconf 91' lang='lat' dir='ltr'>commissis,</span> <span class='ocrx_word' id='word_1_384' title='bbox 1214 4909 1368 4986; x_wconf 89' lang='lat' dir='ltr'>quatenus</span> <span class='ocrx_word' id='word_1_385' title='bbox 1391 4897 1425 4961; x_wconf 88' lang='lat' dir='ltr'>in</span> <span class='ocrx_word' id='word_1_386' title='bbox 1452 4894 1570 4982; x_wconf 90' lang='lat' dir='ltr'>prefate</span> 
     </span>
    </p>
   </div>
   <div class='ocr_carea' id='block_1_12' title="bbox 352 5019 1435 5072">
    <p class='ocr_par' dir='ltr' id='par_1_12' title="bbox 352 5019 1435 5072">
     <span class='ocr_line' id='line_1_46' title="bbox 352 5019 1435 5072; baseline 0.005 -10"><span class='ocrx_word' id='word_1_387' title='bbox 352 5019 461 5072; x_wconf 78' lang='lat' dir='ltr'>Flnlso,</span> <span class='ocrx_word' id='word_1_388' title='bbox 480 5021 740 5067; x_wconf 81' lang='lat' dir='ltr'>Domlnltranexbrleiu.</span> <span class='ocrx_word' id='word_1_389' title='bbox 1425 5023 1435 5061; x_wconf 78' lang='grc'><strong>7</strong></span> 
     </span>
    </p>
   </div>
   <div class='ocr_carea' id='block_1_13' title="bbox 0 0 1916 5592">
    <p class='ocr_par' dir='ltr' id='par_1_13' title="bbox 0 0 1916 5592">
     <span class='ocr_line' id='line_1_47' title="bbox 0 0 1916 5592; baseline 0 1"><span class='ocrx_word' id='word_1_390' title='bbox 0 0 1916 5592; x_wconf 95' lang='lat' dir='ltr'> </span> 
     </span>
    </p>
   </div>
  </div>
 </body>
</html>
