3828 5590
302 584 324 654 J.
348 583 421 653 1269.
887 581 982 637 liriel.
1527 573 1568 656 69

303 742 440 810 gewiesen
454 740 527 806 wird‚
546 757 578 794 so
597 741 630 792 ist
644 739 701 792 hier
720 737 918 792 unzweil'elhalt
932 740 1000 792 llern
1019 740 1147 808 gemeint.
1178 741 1231 793 Am
1246 756 1287 796 20.
1299 741 1350 812 Juli
1372 743 1440 814 1269
1453 745 1569 800 nahmen

303 825 462 879 Schultheiss
481 825 560 878 Kuuo
584 841 645 895 gen.
666 843 719 878 von
738 825 897 894 llubenberg
916 825 969 878 und
988 826 1138 878 Gemeinde
1157 843 1211 880 von
1229 828 1299 880 ilem
1317 827 1359 881 die
1378 829 1570 884 Dominilraner

303 914 329 966 in
347 913 404 966 ihre
417 911 490 966 Stadt
509 911 557 965 aus
571 910 625 964 und
643 912 746 964 wiesen
764 911 846 964 ihnen
866 911 1000 964 awischen
1020 911 1115 966 beiden
1128 912 1301 968 Stadtwallen
1321 914 1368 968 das
1387 917 1480 988 nutige
1495 916 1570 971 Land

302 1018 347 1053 zur
365 999 508 1070 Erbauung
526 999 599 1052 eines
618 998 740 1052 lllosters
760 1016 806 1052 an:
831 998 930 1053 Fontes
956 1016 1045 1052 rerum
1064 1000 1238 1054 hemensium
1256 1002 1289 1056 ll.
1311 1017 1368 1071 525.
1410 1003 1451 1058 irn
1476 1005 1568 1060 selben

303 1087 392 1141 Bande
410 1086 498 1140 finden
517 1086 574 1140 sich
592 1085 783 1140 verschiedene
808 1085 906 1140 andere
924 1085 1261 1143 Dominilranerurlrunden.
1298 1079 1372 1144 Uber
1395 1090 1442 1144 das
1461 1091 1569 1146 Kloster

303 1179 328 1228 in
347 1177 416 1229 Bern
435 1174 488 1246 vgl.
507 1182 650 1228 neuestens
669 1173 762 1241 (1886)
782 1173 861 1240 Rodt,
881 1174 958 1228 Bem.
977 1173 1145 1245 Stadtgesch.
1161 1175 1187 1229 S.
1205 1176 1356 1244 154-1683
1375 1177 1421 1231 das
1441 1177 1569 1251 loigende

303 1265 366 1316 iiber
385 1262 427 1316 die
446 1262 730 1326 Dominilranerinnem
753 1279 807 1314 von
826 1261 933 1314 srirltem
953 1261 1056 1328 Studer,
1076 1262 1125 1315 Zur
1143 1263 1243 1318 Gesch.
1262 1263 1309 1318 des
1328 1265 1513 1321 Inselldosters
1532 1267 1568 1322 im

302 1351 400 1404 Archiv
424 1351 470 1404 des
496 1351 555 1404 hist.
574 1351 636 1404 Ver.
657 1351 726 1402 liern
745 1349 791 1403 IV.
811 1349 903 1402 lleitr
932 1349 986 1402 und
1005 1364 1028 1404 2.
1066 1350 1192 1421 Sonstige
1215 1351 1357 1406 Litteratur
1380 1353 1423 1407 bei
1440 1353 1568 1421 Mirlinen,

302 1439 422 1493 llelvetia
442 1455 515 1492 sacra
534 1439 566 1504 ll,
588 1453 627 1510 19.

909 1612 960 1680 29.

407 1737 585 1824 Provinrial
596 1734 767 1888 mmm?
783 1735 912 1802 schreibt
927 1737 993 1801 dem
1004 1736 1132 1816 Biscbuf
1139 1735 1318 1840 (lohannes)
1334 1761 1393 1804 von
1404 1739 1569 1806 Lousonna

301 1826 374 1891 iiber
397 1825 453 1891 den
469 1825 548 1890 Plan
569 1825 622 1890 der
640 1824 729 1890 Griin
753 1847 815 1911 rnrg
836 1826 913 1889 rirrrr
930 1823 1277 1890 Dantiniicanerklostrrs
1295 1849 1327 1891 m
1342 1826 1425 1891 Bern
1442 1823 1567 1917 (1269).

308 1979 311 1985 -
405 1930 597 1996 Lausanensi
609 1929 761 2016 episcopo
775 1927 984 2016 provincialis.
1010 1927 1202 1995 Pontificatis
1220 1928 1442 1998 munificencie
1455 1955 1568 1998 manus

300 2017 357 2082 illis
388 2015 480 2083 debet
505 2017 707 2103 potissimum
736 2017 863 2116 aperiri,
895 2017 947 2104 qui
971 2015 1148 2082 voluntarie
1180 2017 1369 2104 paupertatis
1399 2017 1570 2086 subeuntes

300 2105 453 2169 sarcinam
482 2102 662 2168 lucrifacere
686 2102 815 2168 Clrrrsto
851 2121 997 2188 satagunt
1024 2101 1122 2167 verbo
1150 2105 1266 2189 pariter
1290 2115 1320 2170 et
1350 2104 1497 2191 exemplo
1528 2129 1568 2171 eo

300 2188 331 2255 di
355 2191 386 2256 ni
411 2191 514 2276 gracie
539 2212 671 2255 munere
695 2187 874 2275 amplioris,
902 2212 966 2276 quo
991 2189 1063 2255 Deo
1088 2200 1251 2275 acceptum
1283 2191 1493 2257 ministerium
1519 2216 1570 2258 ex·

302 2214 409 2344 hibent
433 2279 464 2343 in
489 2275 729 2343 edificacionem
754 2277 897 2364 corporis
920 2277 993 2360 Jesu
1018 2277 1146 2343 Christi.
1182 2277 1267 2343 Hinc
1291 2289 1348 2358 est,
1372 2277 1471 2366 quod,
1495 2302 1568 2345 cum

301 2363 503 2432 honorabiles
527 2363 674 2432 consules
706 2375 738 2430 et
761 2365 845 2430 cives
875 2362 915 2429 de
945 2365 1047 2430 Berua
1071 2361 1206 2430 domum
1235 2364 1292 2430 sibi
1317 2366 1419 2432 nostri
1449 2365 1569 2432 ordinis

301 2452 434 2520 concedi
449 2464 558 2554 petant
573 2451 705 2518 assiduis
721 2450 990 2539 postulacionibus
1010 2461 1041 2518 et
1057 2449 1191 2533 devotis,
1216 2475 1287 2534 nos,
1311 2454 1454 2542 quamvis
1470 2465 1570 2521 atten-

302 2540 412 2607 damus
429 2539 586 2627 eprsmodi
609 2539 743 2605 domum
760 2539 864 2605 ordini
886 2538 1058 2626 plurimum
1074 2551 1278 2626 oportunam,
1303 2541 1444 2627 ipsorum
1461 2552 1568 2607 tamen

302 2627 446 2715 precibus
462 2627 611 2715 plenioris
635 2649 810 2692 consensus
832 2625 1000 2693 clausulam
1024 2625 1185 2692 noluimus
1209 2627 1372 2728 impertiri,
1396 2628 1455 2694 nisi
1473 2630 1569 2715 prius,

302 2715 381 2782 sicut
405 2714 505 2796 decet,
529 2713 560 2780 id
577 2725 679 2780 vestre
703 2715 879 2780 reverentie
903 2715 1091 2780 innotescat.
1128 2714 1230 2780 Omni
1254 2715 1358 2800 igitur,
1382 2738 1442 2804 qua
1457 2739 1568 2803 possu-

302 2826 383 2882 mus,
408 2801 582 2868 humilitate
606 2800 822 2866 excellentiam
845 2812 982 2866 vestram
1006 2802 1155 2866 attentius
1179 2800 1391 2888 inploramus,
1415 2813 1569 2889 quatenus

280 2887 460 2954 'novellam
490 2887 678 2974 plantulam,
707 2888 765 2953 etsi
797 2910 863 2952 non
892 2889 925 2951 in
949 2885 1021 2952 solo
1044 2897 1152 2952 vestro
1181 2885 1364 2969 serendam,
1392 2889 1424 2953 in
1448 2887 1569 2955 diocesi

300 2996 407 3042 tamen
431 2993 543 3055 vestra,
567 2975 636 3041 sine
659 2986 766 3041 tamen
791 2985 898 3041 vestro
923 2985 954 3040 et
977 2973 1111 3040 aliorum
1135 2973 1309 3061 preiudicio
1333 2998 1408 3042 suos
1425 2974 1569 3064 palmites

299 3086 354 3152 per
378 3063 567 3130 exercicium
598 3061 826 3151 predicacionis
851 3073 1067 3143 extensurum,
1097 3060 1273 3149 dignemini
1297 3065 1508 3151 temperaneis
1539 3075 1569 3132 et

300 3153 451 3219 serocinis
481 3150 626 3218 favorum
660 3162 690 3218 et
720 3152 893 3238 graciarum
926 3148 1076 3217 imbribus
1106 3151 1260 3238 irrogare,
1294 3169 1328 3217 ut
1355 3175 1412 3239 per
1439 3152 1569 3220 fratrum

299 3241 414 3308 ibidem
433 3241 628 3307 manentium
647 3262 778 3329 operam
794 3263 856 3306 nna
872 3237 1037 3307 vobiscum
1054 3239 1203 3306 meritum
1220 3241 1387 3328 proveniat
1405 3252 1436 3308 et
1448 3264 1569 3308 corona

299 3353 354 3418 per
378 3329 525 3410 fructum,
555 3353 652 3418 quem
676 3329 804 3410 siciunt,
833 3327 979 3396 videlicet
1002 3328 1195 3410 animarum,
1227 3351 1285 3416 pro
1310 3340 1398 3397 certo
1422 3332 1568 3413 scientes,

299 3417 386 3507 quod
409 3417 549 3484 officium
574 3441 666 3484 suum
692 3429 751 3484 etc.
776 3441 875 3506 usque
899 3418 1084 3506 promereri.

354 3547 537 3647 “ands
562 3547 575 3552 ”
600 3547 612 3551 ”

907 3748 958 3814 aa.

405 3870 546 3972 (Bischos
565 3871 714 3937 Heinrich
737 3895 796 3937 von
823 3870 923 3960 Chnr)
952 3870 1034 3972 bittet
1063 3872 1119 3936 den
1143 3872 1270 4022 Bischpp
1297 3869 1369 3957 (von
1393 3871 1568 4049 Korasion?

298 3983 350 4024 nm
366 3959 597 4048 srennditcbere
613 3958 817 4045 Bahandlnng
840 3958 894 4022 dar·
910 3957 1094 4045 Freiburger
1114 3959 1242 4024 Donum
1262 3979 1337 4023 aner
1361 3956 1567 4044 (Un11269.

403 4063 578 4150 Episcopus
600 4061 694 4128 frater
718 4059 823 4126 eidem
848 4061 1000 4148 episcopo
1024 4083 1083 4148 pro
1109 4060 1225 4127 eodem
1246 4112 1253 4125 .
1280 4113 1286 4127 .
1313 4113 1320 4126 .
1346 4061 1569 4129 Reverentiam

298 4161 433 4216 vestram
458 4148 605 4215 duximus
629 4147 789 4214 humiliter
813 4147 1017 4230 exorandam,
1045 4151 1191 4236 quatinus
1215 4146 1359 4214 fratribus
1382 4147 1569 4233 Friburgen-

298 4236 382 4302 sibus
406 4234 445 4302 de
469 4235 581 4302 ordine
605 4246 717 4301 nostro
742 4233 945 4320 benignitatis
969 4233 1063 4301 solite
1086 4234 1202 4315 radios,
1226 4258 1307 4323 quos
1330 4233 1389 4300 sibi
1412 4235 1569 4322 suspirant

299 4321 523 4424 aliquantulum
540 4320 756 4402 obumbratos,
781 4320 958 4408 dignemini
982 4319 1020 4386 ad
1045 4321 1217 4387 claritatem
1256 4322 1397 4387 ristinam
1414 4343 1568 4408 reparare,

299 4409 446 4477 lactentes
470 4411 555 4498 ipsos
580 4410 692 4496 exequi
715 4409 747 4474 in
772 4406 892 4474 diocesi
914 4420 1018 4475 vestra
1042 4419 1074 4475 et
1097 4344 1273 4496 tranquilie,
1297 4406 1385 4495 quod
1408 4409 1475 4474 sine
1501 4431 1569 4496 pre·

300 4495 414 4564 iudicio
437 4495 630 4584 regularibus
651 4495 797 4562 obtinent
821 4496 980 4577 institutis,
1005 4519 1046 4561 ne
1070 4496 1215 4563 consueti
1232 4517 1341 4562 cursus
1364 4493 1569 4563 observantia

322 4583 540 4653 uodammodo
564 4595 741 4672 permutata
764 4607 826 4650 una
849 4581 966 4650 domus
990 4606 1049 4650 suo
1073 4583 1223 4650 universo
1252 4607 1318 4650 non
1343 4594 1498 4670 congruat
1521 4595 1570 4650 set

300 4610 454 4762 discrepet
476 4698 493 4741 a
517 4671 747 4740 consuetudine
770 4669 891 4739 ordinis
915 4671 1064 4759 generali.
1100 4671 1279 4738 Peticiones
1303 4689 1409 4738 autem
1433 4682 1568 4753 nostras,

300 4786 375 4851 quas
391 4774 550 4852 tamquam
575 4785 633 4850 pro
649 4762 766 4828 nostris
790 4759 1042 4848 conpauperibus
1059 4758 1178 4827 devoto
1196 4778 1227 4827 et
1243 4761 1369 4847 integro
1386 4760 1568 4828 reverencie

300 4862 402 4918 vestre
425 4850 586 4918 fundimus
612 4873 649 4916 ex
673 4849 801 4930 affectu,
833 4871 869 4916 ea
892 4849 1062 4915 serenitate
1085 4849 1198 4936 respici
1227 4849 1372 4936 cupimus
1396 4867 1427 4914 et
1457 4845 1567 4928 audiri,
