3822 5592
310 611 333 679 J.
356 611 429 681 1289.
897 609 991 664 Bries.
1514 615 1572 679 141

312 768 375 832 rand
396 768 481 833 droht
505 769 608 848 darien,
631 768 743 832 welche
766 791 795 832 rs
818 771 873 831 ruit
898 767 1080 854 Strusslrrrrg
1102 768 1220 848 hulten,
1252 771 1305 832 ruit
1335 768 1515 854 Versetarmg
1543 771 1574 832 in

312 857 375 918 eine
398 855 509 918 andere
531 854 671 936 Provida.
719 852 846 941 (1289.)

416 957 566 1044 Magister
597 955 726 1022 ordinis.
780 955 936 1023 fratribus
968 957 998 1022 in
1024 955 1149 1022 Sletstat
1182 967 1212 1022 et
1242 958 1273 1022 in
1306 956 1505 1044 Hagenowia
1534 954 1573 1021 de

311 1045 492 1130 receptione
509 1042 623 1109 domus
647 1045 678 1109 in
695 1042 941 1132 Hagen(owia).
982 1043 1065 1109 Cum
1086 1041 1261 1109 secuudum
1285 1044 1473 1131 prophetam
1489 1041 1573 1108 habi·

310 1142 375 1197 tare
399 1131 507 1198 fratres
530 1132 562 1196 in
586 1155 684 1197 unum
709 1130 828 1198 bonum
854 1132 893 1197 sit
917 1131 1030 1217 pariter
1054 1141 1085 1198 et
1109 1128 1301 1212 iocundum,
1332 1149 1456 1212 vestro,
1479 1141 1572 1218 prout

312 1243 394 1285 rimu·
418 1244 451 1286 se
476 1219 578 1300 habet,
602 1217 697 1285 credo
721 1221 813 1286 statui
831 1231 1037 1306 oportunum,
1061 1218 1147 1308 quod
1171 1219 1335 1306 recipiatiS,
1360 1219 1574 1285 communiter

311 1309 342 1372 in
358 1308 557 1395 Hagenowia
579 1307 628 1374 vel
652 1307 720 1373 alibi
745 1308 775 1373 in
793 1307 1019 1394 Argentineusi
1037 1305 1167 1409 dyocesi
1192 1305 1230 1372 de
1247 1306 1418 1396 dyocesani
1439 1305 1572 1373 consilio

310 1394 444 1461 domum
468 1419 573 1461 unam.
608 1396 741 1482 Quapro
765 1407 813 1461 ter
837 1397 918 1461 inter
942 1418 987 1476 ea,
1011 1394 1122 1483 quibus
1167 1396 1296 1461 remissa
1320 1394 1436 1462 domus
1452 1393 1517 1460 indi
1542 1409 1572 1460 et

309 1482 456 1565 adiuvari,
480 1484 639 1570 permitto,
664 1418 763 1571 quod
774 1481 865 1548 biblia
888 1481 1025 1569 glosata,
1049 1507 1110 1571 que
1134 1417 1234 1549 histris
1257 1483 1408 1549 Iohannis
1432 1481 1470 1548 de
1493 1418 1572 1548 Aba

310 1568 403 1637 luisse
420 1569 540 1652 dicitur,
564 1569 675 1637 additis
698 1569 883 1658 pignoribus
906 1570 971 1636 aliis
988 1569 1145 1659 obligetur
1167 1589 1196 1637 et
1214 1572 1308 1637 cicius
1332 1571 1433 1636 usuris
1450 1593 1574 1636 cessan-

309 1657 389 1724 tibus
412 1657 596 1741 redimatur,
627 1683 667 1725 ue
692 1658 877 1725 memoriale
906 1658 996 1724 simul
1023 1670 1054 1725 et
1077 1659 1232 1724 memoria
1255 1660 1297 1746 pii
1327 1659 1460 1724 intereat
1482 1657 1526 1724 lar
1549 1659 1574 1724 i·

309 1748 395 1812 toris.
443 1748 591 1814 Ceterum
624 1748 695 1834 quia
719 1770 833 1812 omnes
863 1770 966 1827 casus,
999 1748 1051 1846 qui
1075 1759 1207 1832 possunt
1230 1746 1386 1828 accidere,
1416 1747 1468 1812 vix
1491 1681 1572 1812 vadet

310 1834 444 1900 hunmna
467 1833 616 1900 industria
632 1834 810 1922 providere,
834 1833 1015 1900 discretioni
1034 1845 1136 1900 vestre
1154 1835 1335 1915 committo,
1360 1843 1513 1936 quatenus
1533 1832 1572 1899 ad

308 1923 419 2007 prioris
454 1921 652 2023 provincialis
682 1923 778 1988 vestri
810 1921 976 1988 consilium
1012 1945 1068 2008 pro
1102 1921 1176 2003 hiis,
1209 1945 1270 2010 que
1302 1919 1392 1988 vobrs
1425 1921 1510 1987 utilia
1541 1931 1573 1986 et

308 2032 480 2074 necessaria
503 2008 721 2090 iudicaveritis,
746 2011 921 2089 recurratis,
945 2010 997 2096 qui
1021 2009 1111 2074 vobis
1134 2008 1259 2075 vivendi
1284 2008 1419 2074 sormam
1445 2018 1476 2074 et
1499 2031 1572 2094 pro-

308 2094 431 2162 ficiendi
448 2097 530 2162 viam
554 2096 728 2183 temporale
745 2095 955 2162 commodum
980 2095 1136 2182 spirituale
1160 2096 1342 2182 suffragium
1368 2097 1451 2162 iuxta
1468 2093 1569 2160 datam

307 2182 364 2248 sibi
387 2185 518 2269 gratiam
543 2181 788 2264 demonstrabit,
819 2185 963 2270 provis0,
992 2181 1078 2271 quod
1102 2181 1237 2270 prelatus
1265 2183 1354 2249 locus
1384 2183 1414 2248 in
1439 2204 1572 2270 propor-

308 2272 434 2336 cionato
459 2271 587 2336 fratrum
612 2295 747 2338 numero
771 2283 914 2338 teneatur
938 2282 969 2337 et
993 2270 1166 2358 hospitibus
1190 2272 1258 2336 sine
1283 2293 1374 2337 causa
1396 2268 1571 2337 rationabili

308 2356 550 2425 discurrentibus
575 2383 646 2426 curn
665 2361 752 2448 equis
777 2371 806 2426 et
830 2359 952 2424 famulis
969 2381 1036 2424 uon
1059 2370 1214 2445 gravetur.
1254 2358 1443 2445 Simpliciter
1466 2377 1569 2424 autem

309 2457 339 2512 et
363 2469 506 2534 expresse
530 2447 617 2529 volo,
641 2445 727 2535 quod
751 2447 859 2513 lratres
882 2445 999 2514 ibidem
1024 2448 1175 2513 moraturi
1198 2457 1429 2534 prosequantur
1445 2469 1569 2512 causam

308 2532 438 2601 desolati
463 2547 638 2602 conventus
656 2536 897 2622 Argentinensis
914 2547 945 2601 et
968 2535 1157 2602 unanimiter
1172 2558 1207 2600 ac
1230 2533 1398 2621 magnifice
1415 2544 1572 2614 tueantur,

309 2633 343 2686 ut
371 2621 482 2687 exinde
513 2622 637 2688 laudem
665 2621 746 2708 apud
778 2622 922 2688 ordinem
955 2633 985 2687 et
1013 2623 1162 2687 meritum
1190 2620 1247 2687 sibi
1278 2640 1463 2708 comparent
1490 2620 1570 2707 apud

311 2709 426 2774 Deum.
472 2710 555 2775 Nam
587 2709 625 2775 de
655 2709 832 2796 perditione
860 2711 1066 2775 vehementer
1093 2727 1257 2796 suspectos
1288 2720 1334 2788 et,
1365 2711 1417 2796 qui
1446 2731 1569 2774 causam

310 2793 438 2860 fratrum
463 2795 638 2882 impediunt
653 2796 701 2862 vel
726 2819 784 2882 pro
809 2820 901 2882 posse
925 2820 989 2860 non
1015 2796 1161 2861 adiuvant
1184 2795 1371 2874 laborantes,
1395 2795 1450 2860 sed
1470 2795 1571 2880 magis

308 2881 425 2946 civibus
442 2883 725 2967 Argentineusibus
750 2881 938 2968 impendunt
962 2883 1127 2947 consilium
1154 2893 1185 2947 et
1209 2881 1349 2947 favorem
1375 2903 1570 2968 expressum,

308 2968 338 3032 in
362 2991 552 3056 quocunque
576 2981 736 3036 conventu
753 2969 804 3035 vel
826 2968 898 3035 loco
919 2981 1093 3050 morentur,
1112 3021 1118 3034 .
1145 3021 1151 3034 .
1176 2970 1262 3056 prior
1285 2967 1483 3056 provincialis
1503 2990 1571 3054 pre-

307 3052 428 3120 dictus¹
460 3067 622 3144 correptos
654 3075 684 3122 et
709 3058 836 3143 punitos
868 3055 906 3123 ad
931 3076 1090 3123 extremos
1121 3068 1298 3123 conventus
1322 3080 1378 3122 sue
1408 3056 1572 3143 provincie

306 3143 430 3210 mittere
453 3156 605 3210 teneatur.
652 3145 888 3211 Nichilominus
912 3169 973 3232 ego
998 3171 1036 3212 ex
1066 3143 1163 3211 officii
1188 3146 1250 3210 mei
1280 3143 1386 3210 debito
1417 3167 1482 3210 non
1506 3165 1570 3210 ser·

305 3243 413 3297 vantes
437 3231 533 3297 fidem
564 3230 667 3299 ordini
695 3235 1115 3301 setexcommunicatorum
1147 3233 1253 3300 lavore
1277 3245 1437 3321 tamquam
1489 3233 1567 3298 icem

305 3330 471 3406 tangentes
488 3319 725 3408 dampnabiliter
741 3322 907 3410 inquinati,
926 3323 951 3388 si
969 3320 1050 3410 apud
1067 3346 1119 3388 me
1135 3321 1288 3388 relatione
1304 3320 1440 3388 veridica
1455 3254 1571 3386 dierim

305 3405 461 3490 denotati,
493 3433 559 3474 non
583 3409 687 3475 solum
712 3412 744 3475 in
768 3413 931 3497 provincie
954 3435 1009 3477 sue
1033 3421 1193 3498 ponentur
1216 3410 1424 3496 mmginibus,
1457 3406 1513 3474 sed
1537 3409 1569 3474 iu

305 3495 475 3580 provinciis
499 3496 564 3562 aliis
592 3496 787 3564 locabuntur.
834 3498 885 3564 Ad
910 3500 970 3564 hoc
998 3499 1141 3564 terminis
1172 3498 1256 3584 prius
1288 3497 1398 3564 habitis
1427 3497 1568 3563 contenti

305 3583 406 3664 eritis,
438 3584 517 3649 sicut
541 3607 613 3650 cum
637 3586 669 3650 in
693 3586 866 3670 Argentina
892 3584 1066 3671 degebatis,
1098 3609 1263 3674 quousque
1288 3608 1363 3672 pace
1387 3583 1506 3650 reddita
1530 3582 1568 3648 ad

305 3667 410 3735 locum
442 3672 606 3757 pristinum
637 3671 770 3738 redeatis
803 3684 834 3738 et
861 3685 936 3738 tunc
960 3671 1091 3753 domus,
1123 3673 1148 3737 si
1177 3695 1238 3760 qua
1282 3696 1319 3738 ro
1347 3670 1567 3758 redemptione

303 3759 457 3843 temporis
488 3770 667 3824 constructa
697 3759 805 3841 fuerit,
839 3771 999 3825 remaneat
1027 3758 1190 3824 domicilio
1218 3696 1279 3824 velJ
1295 3760 1486 3847 relinquatur
1513 3782 1567 3823 seu

304 3845 397 3909 etiam
423 3843 609 3910 distrahatur
633 3845 671 3910 ad
703 3846 862 3912 arbitrium
891 3847 1003 3932 prioris
1032 3845 1231 3932 provincialis
1261 3849 1365 3934 sepius
1389 3847 1567 3925 memorati,

302 3931 355 4018 qui
379 3930 417 3997 ad
441 3956 492 3998 me
517 3931 631 3998 referre
656 3931 790 4013 debebit,
814 3931 960 4020 quicquid
984 3945 1088 4000 actum
1112 3933 1204 4000 fuerit
1229 3933 1267 4000 de
1291 3935 1460 4021 permissis.

408 4143 490 4195 ¹Der
508 4143 568 4196 Satz
594 4161 647 4195 von
668 4143 754 4195 »Nam
779 4143 811 4195 de
841 4143 1003 4213 perditione«
1031 4144 1100 4197 steht
1124 4144 1163 4196 bis
1189 4144 1320 4213 predictus
1345 4151 1425 4194 unten
1452 4142 1498 4194 aul
1520 4141 1567 4194 der

302 4212 380 4264 Seite.
417 4213 456 4264 Im
477 4213 545 4264 'l'est
565 4213 607 4264 ein
628 4213 748 4265 hiirzerer
768 4212 979 4266 undeutlicherer
999 4214 1058 4266 Satz
1078 4213 1280 4266 unterstrichen.

407 4369 462 4422 Fol.
485 4370 559 4436 169&
591 4371 672 4423 Diese
686 4371 865 4440 Verordnung
884 4371 964 4423 bildet
984 4370 1056 4422 wohl
1076 4370 1118 4422 die
1131 4369 1285 4438 Grundlage
1305 4369 1345 4422 sur
1359 4355 1506 4438 Grundnrrg
1521 4367 1569 4420 des

304 4457 460 4526 liugenauer
479 4458 643 4511 Konventes.
681 4458 742 4510 Von
764 4458 901 4528 Joharmes
927 4459 960 4511 de
978 4457 1046 4510 Alba
1069 4457 1135 4527 liegt
1155 4457 1200 4510 fol.
1223 4469 1274 4509 11v
1295 4458 1336 4510 ein
1356 4456 1456 4508 hleines
1479 4456 1567 4508 anaie-

303 4544 403 4596 hendes
427 4545 565 4597 Brielchen
585 4563 618 4597 an
643 4544 693 4597 den
713 4545 930 4613 Ordensgeneral
950 4561 1004 4596 vor.
1043 4543 1173 4596 Dasselbe
1193 4545 1286 4597 lauret:
1311 4543 1410 4596 Littere
1429 4544 1498 4608 eius,
1526 4544 1567 4594 cui

304 4631 432 4702 benignus
446 4631 492 4686 suit
512 4632 635 4702 prelatus.
664 4633 822 4701 lo(hanues)
835 4632 868 4685 de
881 4632 948 4684 Alba
968 4633 1106 4700 magistro.
1135 4631 1270 4692 Quotiens
1284 4638 1345 4683 ante
1364 4629 1460 4682 mentis
1474 4628 1567 4681 oculos

303 4727 398 4786 statuo,
419 4729 513 4790 quanta
532 4720 712 4774 benivolentia
730 4721 795 4772 mihi
814 4719 932 4784 affuistis,
953 4718 1059 4790 quando
1072 4719 1261 4771 obstetricante
1281 4735 1360 4770 manu
1380 4715 1453 4768 lilioli
1472 4716 1566 4768 iterum

303 4808 419 4877 parturiti
438 4807 587 4861 excussistis
607 4807 744 4877 scrupulos
763 4823 816 4860 non
837 4808 862 4860 in
881 4807 954 4876 virga
974 4815 1013 4859 set
1033 4807 1060 4859 in
1079 4807 1170 4876 spiritu
1190 4805 1312 4871 lenitatis,
1331 4804 1475 4873 gratiarum
1489 4800 1566 4855 solvo

302 4895 389 4948 debita
403 4937 408 4949 .
422 4938 428 4949 .
443 4938 448 4949 .
463 4895 540 4948 Unde
559 4913 642 4966 nuper
655 4895 751 4947 oblitus
770 4911 892 4946 meorum
906 4894 984 4946 molis
999 4902 1025 4946 et
1043 4893 1113 4960 mali,
1134 4892 1166 4945 ad
1179 4909 1227 4944 vos
1248 4889 1420 4961 corporaliter
1439 4887 1567 4942 accedere
