3822 5592
286 603 307 672 J.
332 605 404 672 1289.
718 580 722 586 ²
871 599 943 652 Brief
958 641 964 654 .
1489 605 1545 671 131

287 781 413 824 sorores
442 759 575 845 possetis
605 756 752 844 sepelire,
782 759 807 823 si
838 780 905 823 non
936 755 1017 823 bene
1040 775 1217 824 servassent
1240 756 1452 824 interdictum.
1499 760 1548 825 De

288 845 448 911 conversis
479 843 563 910 idem
594 841 666 910 dico
697 863 736 909 et.
756 842 956 909 familiaribus
986 841 1143 924 similiter,
1174 842 1260 930 quod
1292 843 1500 911 tumulentur·
1516 847 1548 910 in

287 930 433 1013 silenci0,
466 932 491 998 si
523 930 603 998 bene
632 949 833 997 servaverunt
864 928 1076 996 interdictum.
1126 928 1305 998 Familiares
1337 951 1443 999 autem
1473 931 1549 999 tales

288 1019 461 1106 intelligite,
489 1020 541 1107 qui
570 1042 603 1084 se
628 1029 659 1084 et
686 1041 741 1084 sua
770 1018 964 1084 monasterio
989 1017 1201 1098 contulerunt,
1230 1019 1310 1085 sicut
1334 1020 1478 1107 superius
1502 1033 1549 1087 est

288 1108 487 1192 premissum.
533 1107 618 1186 Scio,
647 1103 733 1193 quod
757 1104 819 1170 hoc
843 1128 938 1192 grave
962 1115 1019 1186 est,
1048 1116 1096 1172 set
1120 1104 1256 1172 docente
1279 1107 1388 1193 spiritu
1412 1108 1549 1174 veritatis

288 1195 420 1276 sentitis,
448 1191 533 1281 quod
559 1217 630 1259 cum
654 1190 767 1259 ordine
798 1211 829 1258 et
852 1215 910 1279 pro
935 1190 1057 1274 ordine,
1086 1216 1147 1281 que
1176 1215 1296 1258 nomen
1320 1192 1357 1260 ab
1381 1192 1494 1262 ordine
1518 1205 1550 1263 et

289 1282 438 1348 metitum
461 1281 633 1368 accepistiS,
657 1281 720 1368 pati
743 1303 930 1369 quecunque
952 1278 1160 1347 incommoda
1184 1278 1331 1348 debeatis.
1373 1283 1458 1350 Nam
1481 1283 1549 1350 sine

288 1368 399 1436 ordine
428 1393 487 1436 nec
518 1370 627 1434 missas
655 1379 707 1434 aut
735 1367 927 1456 sepulturam
955 1367 1005 1434 vel
1032 1367 1195 1455 privilegia
1224 1367 1354 1435 forsitan
1384 1368 1548 1437 haberetis.

289 1455 486 1524 Abstinendo
508 1467 613 1523 autem
637 1479 652 1520 a
676 1456 780 1522 vetitis
796 1454 886 1521 vobis
909 1478 975 1520 non
993 1453 1097 1520 ordini
1120 1456 1252 1536 servitis,
1278 1479 1349 1522 nam
1374 1457 1549 1523 secundum

288 1545 334 1610 ius
358 1545 519 1631 scriptum,
543 1544 575 1608 in
621 1566 790 1630 uocunque
814 1554 895 1608 statu
919 1543 1152 1623 inveniremini,
1177 1542 1395 1629 obligaremini
1419 1544 1458 1611 ad
1481 1568 1549 1631 pre-

289 1631 392 1697 missa.
438 1632 518 1697 Sunt
541 1566 622 1717 apoll
638 1653 707 1710 vos,
732 1647 765 1696 ut
790 1627 911 1710 dicitur,
936 1629 1062 1717 quidam
1087 1630 1226 1716 religiosi
1248 1649 1385 1697 vestram
1409 1633 1549 1720 quietern

288 1716 457 1800 turbantes,
481 1717 595 1806 pedem
620 1740 751 1784 movere
769 1716 946 1803 diligentes,
970 1716 1122 1783 fenestras
1139 1741 1217 1784 occu
1242 1728 1340 1800 antes,
1365 1741 1445 1806 opus
1462 1743 1551 1786 com·

288 1830 384 1872 niune
413 1805 631 1893 impedientes,
661 1805 753 1891 nugis
777 1816 808 1870 et
836 1804 946 1870 risibus
969 1815 1127 1886 vacantes,
1156 1740 1267 1871 oculos
1296 1803 1481 1893 defigentes
1511 1807 1550 1874 de

288 1893 484 1994 simplicitate
501 1903 603 1958 vestra
626 1890 755 1980 predam
773 1891 882 1958 callide
906 1903 1106 1978 aucupantes.
1145 1892 1215 1957 Hos
1232 1891 1377 1974 devitate,
1401 1895 1426 1959 si
1443 1892 1550 1960 debito

288 1982 399 2068 cupitis
423 1981 588 2066 persistere
613 1981 643 2044 in
668 1979 804 2046 honore.
842 1978 916 2044 Illos
932 1991 1038 2045 autem
1055 1978 1198 2066 amplius,
1222 1981 1275 2066 qui
1293 1981 1410 2060 dicunt,
1433 1980 1550 2070 aff(ir)-

288 2085 385 2148 mant,
410 2066 572 2154 predicant
596 2065 845 2133 contrafactum
870 2066 962 2153 legati
986 2067 1017 2131 in
1042 2067 1186 2132 iniuriam
1212 2077 1365 2146 nostram,
1393 2069 1494 2133 immo
1519 2069 1551 2133 in

288 2154 513 2221 contumeliam
527 2152 677 2234 crucifixi,
694 2164 839 2240 putantes
852 2155 977 2219 venisse
990 2152 1028 2219 de
1046 2155 1162 2220 nostris
1175 2153 1400 2220 calamitatibus
1413 2177 1552 2221 messem

289 2265 387 2322 suam,
412 2253 572 2330 tamquam
590 2243 940 2308 excommunicatorum
965 2241 1103 2306 fautores
1124 2240 1259 2307 devitate
1276 2242 1503 2308 conscientiam
1522 2253 1552 2309 et

289 2330 452 2396 scientiam
481 2352 547 2395 non
577 2327 738 2410 habentes,
768 2330 852 2416 preci
877 2352 916 2394 ue
944 2330 996 2417 qui
1023 2352 1057 2394 se
1086 2352 1124 2394 ex
1152 2327 1262 2395 talibus
1290 2326 1443 2396 medicos*
1478 2329 1552 2395 rofi-

290 2435 405 2484 rentur.
443 2417 527 2484 Nam
552 2417 584 2482 in
601 2415 813 2505 quodcunque
837 2351 1004 2482 claustrum
1030 2415 1097 2482 talis
1114 2415 1255 2483 medicus
1272 2439 1383 2483 curans
1401 2352 1551 2498 wulirera,

290 2506 430 2571 saucians
447 2503 541 2571 corda
564 2505 724 2592 ingressus
745 2503 847 2586 fuerit,
871 2505 974 2592 ipsum
997 2503 1165 2571 claustrum
1188 2503 1226 2570 ab
1250 2505 1340 2570 omni
1364 2505 1462 2592 gratia
1484 2527 1554 2592 pre-

292 2593 386 2658 missa
409 2591 569 2680 suspendo
594 2603 625 2659 et
641 2611 845 2659 contumaces
868 2593 958 2678 privo
976 2591 1107 2673 eisdem,
1131 2591 1235 2658 donec
1251 2590 1463 2659 satisfactione
1483 2615 1553 2680 pre·

293 2681 386 2746 missa
410 2681 529 2746 restitui
554 2691 720 2746 mereatur.
755 2679 904 2767 Superius
928 2680 1153 2767 scriptumest,
1177 2678 1264 2766 quod
1286 2703 1304 2744 a
1326 2677 1450 2761 divinis,
1473 2685 1554 2767 que⁵

292 2766 372 2835 fiunt
394 2766 476 2855 apud
492 2791 550 2834 vos
575 2791 688 2834 omnes
713 2767 870 2848 homines,
894 2768 1033 2855 quinon
1056 2777 1130 2833 sunt
1152 2767 1227 2833 iuris
1243 2768 1348 2847 vestri,
1373 2765 1553 2848 excludatis,

293 2878 358 2919 non
376 2854 530 2934 obstante,
576 2853 640 2919 uod
657 2854 734 2918 olim
751 2853 936 2941 quibusdum
960 2855 1105 2938 personis
1121 2852 1213 2918 nobis
1234 2854 1265 2917 in
1283 2851 1412 2919 Christo
1430 2851 1553 2919 devotis

291 2941 407 3006 litteras
420 2959 543 3006 nostras
554 2878 636 3006 ledi.
661 2940 725 3005 Has
737 2961 796 3026 pro
812 2951 901 3006 tanto
914 2939 982 3005 fore
993 2938 1068 3006 volo
1083 2938 1272 3021 consolatus,
1286 2940 1358 3027 quia
1373 2939 1553 3006 huiusmodi

291 3027 406 3094 litteras
430 3051 497 3094 non
514 3050 603 3094 casso
627 3051 687 3093 nec
710 3049 829 3093 revoco
845 3045 893 3094 set
916 3024 1077 3114 suspendo
1095 3038 1126 3094 et
1142 3025 1290 3094 effectum
1310 3025 1422 3094 differo
1439 3051 1554 3094 eorun-

291 3114 364 3182 dem
391 3127 521 3203 propter
551 3138 660 3204 pacem
685 3114 820 3182 aliorum
844 3127 875 3182 et
905 3126 1034 3203 propter
1057 3113 1221 3182 vitandum
1250 3113 1477 3183 offendiculum
1507 3117 1557 3182 inm

291 3203 467 3272 firmorum.
514 3201 719 3270 Concludens
743 3205 751 3268 i
777 3204 836 3270 itur
860 3203 922 3270 hoc
945 3215 1059 3285 statuo,
1093 3203 1156 3270 hoc
1178 3227 1211 3270 re
1236 3215 1300 3286 et0,
1333 3203 1395 3272 hoc
1419 3203 1554 3288 inculco,

291 3291 388 3381 quod,
416 3315 604 3381 quecunque
627 3315 719 3358 soror
742 3226 831 3357 alicui
861 3290 914 3357 reli
940 3292 1010 3358 ioso
1043 3291 1187 3358 confessa
1214 3227 1306 3359 luerit
1329 3293 1379 3359 vel
1403 3291 1442 3359 ad
1468 3294 1554 3381 ipsos

292 3383 370 3446 intra
387 3377 555 3446 claustrum
571 3379 621 3446 vel
645 3380 845 3460 cimiterium,
869 3315 1028 3446 cellarium
1044 3379 1094 3446 vel
1111 3399 1215 3446 ortum
1233 3381 1298 3448 sive
1322 3380 1428 3448 locum
1446 3405 1555 3470 quem-

291 3468 365 3535 libet
388 3468 482 3534 alium
498 3469 630 3548 venerit,
655 3466 814 3534 confessio
838 3469 935 3554 ipsius
953 3469 1010 3533 erit
1034 3469 1128 3548 irrita,
1153 3487 1184 3534 et
1207 3469 1238 3533 in
1263 3469 1322 3534 hiis
1345 3470 1468 3556 scriptis
1484 3492 1556 3535 ana.-

291 3555 423 3622 themati
447 3556 547 3642 ipsam
568 3555 688 3621 subicio
712 3579 840 3621 necnon
865 3555 896 3619 in
921 3567 1026 3621 morte
1043 3555 1147 3642 dignis
1164 3555 1283 3621 ordinis
1307 3555 1460 3642 suffragiis
1485 3579 1554 3622 eam

291 3645 391 3730 priv0.
438 3641 624 3709 Sacerdotes
655 3643 782 3728 insuper
812 3653 935 3708 vestros
966 3653 1075 3708 cautos
1106 3666 1175 3708 esse
1205 3642 1281 3709 volo
1313 3641 1351 3708 ad
1383 3642 1555 3710 districtam

292 3731 447 3796 sententie
464 3729 695 3796 observantiam
712 3728 880 3808 interdicti,
905 3729 1043 3816 alioquin
1060 3753 1126 3795 non
1147 3730 1382 3796 sustinebuntur
1405 3731 1438 3795 in
1453 3749 1556 3797 vestra

292 3815 491 3903 cappellania,
516 3840 588 3882 nam
614 3816 798 3903 irregulares
822 3815 934 3882 fierent
951 3827 982 3882 et
1005 3815 1044 3881 ad
1061 3817 1239 3883 Romanam
1263 3818 1381 3883 curiam
1405 3814 1556 3884 deberent

292 3905 470 3970 necessario
494 3902 660 3991 proficisci.
708 3905 825 3970 Datum
850 3904 1048 3990 Hagenowe.

299 4030 606 4040 -.-ο-*ψ*

398 4081 574 4134 ¹auttenticis
588 4080 639 4134 HS.
713 4081 880 4150 ²priorisses
900 4080 951 4133 HS.
1026 4079 1160 4150 ³grandis
1175 4081 1225 4134 HS.
1297 4080 1363 4133 4ὃο
1382 4079 1429 4134 der
1448 4080 1556 4135 unllare

292 4153 359 4206 Satz.
432 4150 579 4221 ⁶Doppelt
598 4151 649 4204 HS.

321 4265 325 4268 ’
397 4307 451 4362 ror.
473 4310 522 4377 158

889 4410 954 4480 109.

399 4517 576 4604 Provinqial
599 4515 790 4606 (Hermann)
814 4516 942 4582 schreibt
965 4537 1007 4580 an
1029 4517 1087 4580 den
1103 4518 1192 4582 Prior
1215 4519 1247 4581 in
1269 4517 1367 4582 Bern:
1390 4517 1558 4581 frascineto

295 4605 415 4670 Klostcr
443 4607 487 4670 sei
513 4607 560 4670 ein
587 4605 707 4670 Brnder
734 4605 900 4687 Jolaartnes,
930 4602 1001 4683 der,
1033 4603 1107 4669 noch
1140 4603 1222 4669 nicht
1249 4604 1393 4684 Pricster,
1425 4603 1558 4669 ratehrere

295 4692 414 4757 Briider
437 4692 509 4757 iiber
531 4693 588 4756 den
613 4692 707 4760 Rbein
730 4691 856 4778 gestibat
883 4691 947 4755 und
972 4703 1060 4756 anter
1088 4690 1223 4777 Vorgabe
1249 4690 1299 4755 des
1324 4690 1559 4776 Schatzsucheas

295 4781 349 4843 mit
371 4777 425 4844 der¹
445 4800 564 4866 gangen
589 4779 685 4844 Schnr
709 4779 764 4843 dns
788 4778 839 4842 ffl.
868 4777 909 4843 St.
933 4777 1030 4842 Marx
1053 4777 1100 4842 bei
1116 4775 1298 4862 Strassburg
1321 4775 1449 4842 betrcten
1472 4776 1557 4841 halae.

295 4864 357 4952 (rbi
377 4868 420 4931 sic
448 4865 551 4954 effla-dit
568 4865 681 4953 fialam
706 4887 804 4946 suam,
833 4877 866 4930 at
895 4867 1040 4930 anemoria
1069 4867 1132 4929 cias
1160 4867 1191 4929 in
1214 4863 1412 4929 benedictione
1440 4866 1558 4931 nonsit
