3828 5590
315 573 337 642 J.
359 586 433 640 ¹257·
901 572 996 627 Briefe.
1541 575 1578 642 53

317 741 346 794 ct
370 727 578 878 predictarum
603 752 751 794 sororum
775 729 865 794 saluti
886 729 1001 794 videris
1025 729 1187 829 expedire,
1218 728 1505 795 nonobstantibus
1529 729 1581 794 ali-

316 815 367 912 qui
391 837 427 879 us
450 811 658 898 indulgenciis
683 867 689 880 .
716 866 722 878 .
749 865 756 878 .
786 815 903 880 Datum
925 815 1070 880 Laterani
1093 815 1163 880 Xll.
1188 813 1336 880 kalendas
1359 815 1477 894 nrarcii,
1501 836 1581 899 pon-

316 898 449 966 tificatus
473 900 573 966 nostri
597 923 682 965 anno
707 900 763 964 XI.

421 987 491 1052 Nos
514 987 609 1072 igitur
631 984 841 1066 attendentes,
865 984 952 1074 quod
968 985 1033 1052 illas
1056 985 1174 1054 domos
1190 1009 1350 1067 sororum,
1374 1010 1435 1074 que
1454 997 1581 1073 recepte

316 1083 388 1138 sunt
411 1073 576 1140 autoritate
600 1071 727 1159 alicujus
758 1073 901 1160 magistri
924 1073 974 1140 vel
997 1074 1122 1160 capituli
1151 1073 1307 1161 generalis
1329 1085 1402 1140 ante
1432 1074 1582 1140 commis-

316 1160 440 1225 sionem
456 1183 511 1226 seu
535 1158 719 1226 mandatum
736 1160 946 1248 apostolicum
970 1183 1064 1248 super
1080 1161 1143 1228 hoc
1161 1179 1335 1249 receptum,
1359 1184 1465 1227 acuta
1481 1161 1581 1226 nostri

316 1245 435 1313 ordinis
469 1259 575 1314 tamen
608 1248 692 1313 bona
724 1249 924 1315 consciencia
956 1247 1107 1336 repellere
1137 1273 1204 1315 non
1236 1250 1384 1336 possitis,
1416 1249 1582 1315 autoritate

316 1336 551 1401 commissionis
583 1359 639 1402 seu
673 1334 812 1402 rnandati
846 1335 979 1422 predicti
1012 1335 1197 1402 ordinamus
1230 1347 1262 1402 et
1296 1335 1460 1417 volumus,
1495 1333 1581 1423 quod

316 1420 496 1500 huiusmodi
519 1420 634 1489 doinus
657 1421 796 1510 predicte
820 1445 949 1488 necnon
972 1441 1004 1490 et
1028 1422 1143 1490 domus
1171 1446 1320 1490 sororum
1344 1421 1383 1490 de
1407 1422 1522 1490 Ymula
1551 1434 1583 1489 et

316 1507 446 1591 domus,
478 1533 572 1598 quanr
604 1533 658 1576 rex
682 1511 822 1596 Ungarie
850 1509 938 1587 lecit,
968 1511 1031 1578 sint
1060 1510 1118 1577 sub
1142 1534 1215 1578 cura
1245 1509 1366 1578 ordinis
1396 1511 1512 1593 nostri;
1543 1509 1584 1576 ad

316 1620 421 1663 curarn
445 1597 585 1679 aliarum,
609 1598 634 1664 si
658 1621 719 1686 que
743 1609 826 1679 sunt,
851 1597 998 1665 nolentes
1021 1597 1216 1686 aliquatenus
1239 1622 1298 1665 vos
1321 1599 1432 1665 teneri.
1468 1596 1582 1677 Valete

316 1685 347 1749 in
364 1685 466 1771 gracia
483 1684 606 1752 domini
623 1686 723 1751 nostri
739 1685 835 1770 jhesu
849 1686 976 1754 Christi.
1012 1685 1134 1774 f(eria)
1147 1687 1186 1752 V.
1204 1704 1277 1773 post
1294 1698 1439 1753 octavam
1454 1685 1580 1773 pasche.

414 1814 487 1912 ἷξε
505 1814 580 1912 ‘ass'
614 1814 618 1818 ’

419 2015 474 2070 Fol.
503 2033 540 2085 37.
579 2017 685 2070 Vorher
710 2017 775 2087 geht
801 2017 842 2069 die
866 2018 939 2070 Bulle
964 2017 1098 2070 innocenz
1124 2017 1169 2072 IV.
1196 2036 1249 2071 von
1273 2033 1342 2086 1252
1368 2016 1525 2087 September
1549 2015 1581 2068 26

316 2103 448 2168 (l’otthast
462 2103 507 2156 Nr.
525 2107 630 2172 14720)‚
650 2105 736 2156 worin
750 2104 792 2156 die
805 2104 997 2156 Dorninilraner
1010 2104 1057 2156 cler
1070 2122 1131 2156 cura
1144 2105 1299 2157 monialium
1314 2103 1448 2156 enthoben
1462 2100 1582 2156 worden.

316 2189 375 2258 Vgl.
395 2189 484 2242 hierzu
508 2190 613 2242 Denitie
637 2191 662 2242 in
683 2189 782 2242 Archiv
806 2191 846 2243 stir
866 2189 1018 2243 litteratur-
1045 2190 1098 2243 rrnd
1117 2189 1392 2260 Kirchengeschichte
1417 2189 1464 2242 des
1483 2187 1582 2242 Mittel·

315 2275 392 2330 alters
411 2277 448 2342 Il,
472 2277 531 2342 642.
569 2278 647 2331 Dann
667 2277 741 2331 Briel
756 2278 890 2332 Innocens
909 2279 955 2332 IV.
975 2297 1029 2332 von
1051 2293 1116 2347 1252
1136 2278 1186 2350 Juli
1214 2294 1242 2346 15
1271 2277 1377 2331 »Iratusa
1400 2276 1581 2342 devocionis«,

316 2367 399 2418 vvorin
419 2366 499 2419 ilrnen
519 2365 565 2419 das
585 2366 699 2437 Privileg
719 2366 804 2420 erteilt
824 2366 897 2434 wird,
918 2366 973 2420 dass
993 2368 1031 2420 sie
1050 2368 1076 2420 in
1097 2383 1130 2421 zo
1148 2365 1246 2438 Jahren
1264 2367 1341 2420 lreine
1360 2383 1448 2419 neuen
1467 2365 1582 2418 Frauen-

316 2441 413 2507 kloster
427 2454 503 2507 nrehr
522 2455 703 2508 tibernehnren
717 2454 811 2509 sollen.
843 2455 946 2526 Obiges
959 2455 1105 2510 Schreiben
1118 2456 1150 2509 ist
1164 2454 1238 2509 wohl
1251 2452 1371 2526 gemeint
1390 2455 1416 2506 in
1430 2452 1482 2507 den
1494 2451 1582 2505 Alrten

316 2541 362 2594 des
387 2542 553 2596 Florentiner
575 2542 695 2613 Kapitels
721 2546 825 2612 (1257):
852 2543 967 2596 Litterae
992 2543 1094 2596 domini
1113 2543 1235 2614 Hugonis
1261 2542 1397 2596 cardinalis
1423 2541 1521 2594 missae
1548 2539 1581 2593 ad

317 2629 428 2699 capitula
448 2630 582 2700 generalia
600 2631 635 2698 (i)
655 2631 681 2682 in
701 2630 820 2700 capitulis
845 2631 1048 2701 provincialibus
1067 2631 1189 2702 legantur
1208 2638 1233 2684 et
1253 2629 1360 2701 quilibet
1380 2629 1468 2682 socius
1488 2627 1581 2698 prioris

317 2716 350 2769 ad
363 2734 439 2770 suurn
452 2726 614 2770 conventum
627 2717 736 2771 delerat.
764 2719 883 2771 Martene
897 2728 923 2771 et
936 2717 1053 2786 Durand,
1067 2718 1220 2771 Thesaurus
1233 2735 1318 2771 novus
1333 2716 1525 2770 anecdotorum
1536 2715 1580 2786 lv,

321 2819 392 2872 ¹7¹7·
430 2805 480 2856 Dic
500 2804 584 2874 Folge
610 2805 708 2872 ohigen
733 2805 891 2857 Schrcibens
916 2823 971 2857 war
996 2805 1038 2857 die
1057 2801 1256 2872 Auslorderung
1282 2803 1329 2854 des
1351 2801 1581 2870 Ordcnsgenerals

316 2906 349 2940 an
375 2889 417 2941 die
441 2889 697 2960 l’rovinzialprioren
721 2889 787 2944 oder
810 2891 866 2943 ihre
890 2891 1098 2956 Stellvertreter,
1124 2889 1196 2960 quod
1220 2889 1334 2942 scribant
1361 2889 1384 2941 ei
1410 2887 1444 2940 ad
1467 2902 1581 2957 sequens

315 2974 441 3045 generale
460 2976 618 3046 capitulum,
638 2987 702 3048 quot
722 2977 818 3032 domos
838 2995 961 3032 sororum
980 2986 1131 3031 nostrarum
1151 2977 1248 3030 habent
1267 2977 1293 3028 in
1319 2975 1374 3028 suis
1394 2974 1535 3045 provinciis
1555 2981 1581 3025 et

315 3080 456 3116 numerum
475 3081 597 3117 sororum
617 3066 643 3117 in
664 3065 778 3136 qualibet
798 3065 880 3119 domo
900 3075 926 3118 et
946 3083 1012 3136 quos
1032 3065 1146 3119 habeant
1165 3073 1310 3136 proventus
1330 3072 1355 3116 et
1375 3063 1473 3116 reditus
1493 3069 1582 3132 etqua

315 3151 469 3204 auctoritate
488 3163 548 3204 sunt
568 3153 605 3205 eis
625 3155 793 3207 commissae.
831 3154 988 3222 (Daselbst.)
1019 3155 1049 3208 ln
1068 3153 1120 3208 den
1133 3153 1221 3208 Altera
1240 3153 1287 3206 des
1299 3151 1420 3223 Kapitels
1439 3169 1471 3204 zu
1484 3149 1581 3202 Valen-

316 3239 423 3292 ciennes
443 3239 637 3310 (1259)netsst
661 3257 703 3294 es:
728 3241 824 3296 Nullae
848 3242 972 3295 mulieres
999 3259 1047 3313 pro
1071 3241 1206 3296 sororibus
1229 3241 1383 3307 habeantur,
1403 3282 1409 3294 .
1430 3281 1436 3293 .
1456 3281 1462 3292 .
1482 3237 1531 3291 nisi
1550 3236 1583 3291 de

315 3327 406 3398 quibus
425 3328 572 3381 constiterit
592 3329 720 3399 prioribus
743 3329 971 3401 provincialibus.
993 3373 998 3385 .
1019 3373 1040 3397 .,
1066 3329 1137 3402 quod
1156 3329 1311 3384 auctoritate
1336 3328 1443 3399 alicujus
1463 3327 1582 3398 magistri

315 3415 412 3469 ordinis
432 3415 473 3469 vel
494 3416 599 3486 capituli
618 3418 750 3488 generalis
769 3417 810 3471 vel
831 3418 938 3486 alicujus
959 3435 1042 3490 papae
1062 3435 1140 3473 curae
1159 3418 1258 3472 ordinis
1277 3418 1329 3471 sint
1348 3416 1517 3470 commissae.

932 3591 961 3644 i).

419 3697 511 3784 Papst
527 3697 705 3762 Alexander
721 3698 774 3762 IV.
792 3697 949 3785 ribertrcigt
971 3699 1038 3764 dein
1066 3697 1312 3785 Ordensgenerul
1332 3695 1511 3785 (Hurnbert)
1535 3695 1582 3759 dic

317 3782 692 3870 Gleichfrirmigmuchung
722 3785 792 3849 oder·
823 3785 947 3872 Reform
981 3786 1033 3850 der
1061 3786 1303 3851 Konstitntionen
1333 3783 1387 3848 der
1418 3782 1496 3848 nach
1525 3782 1582 3847 den

314 3869 523 4021 Institupponen
551 3869 602 3934 des
629 3869 960 3936 Dominikanerordens
992 3871 1135 3937 lebenden
1164 3870 1406 3937 Fruuenlrlcister.
1465 3868 1583 3934 Viterbo

317 3975 398 4038 1257
454 3969 544 4042 ngnst
567 3976 618 4040 27.

418 4058 607 4127 Alexander.
646 4059 788 4128 Affectus
804 4059 1025 4148 promptitudo
1049 4060 1211 4128 benivoli.
1240 4113 1247 4127 .
1273 4113 1280 4126 .
1305 4061 1390 4131 Hinc
1414 4071 1471 4140 est,
1495 4057 1583 4146 quod

315 4171 373 4214 aros
390 4145 430 4213 cle
453 4159 505 4214 tua
528 4147 658 4234 probata
679 4149 965 4236 circumspectione
987 4148 1110 4230 confisi,
1134 4159 1169 4215 ut
1189 4148 1439 4214 constituciones
1460 4147 1582 4212 monia-

315 4233 389 4300 liunr
406 4233 527 4300 ordinis
550 4235 649 4300 sancti
666 4237 836 4322 Augustini
851 4237 1032 4302 vivencium
1049 4233 1226 4302 secundum
1243 4236 1288 4302 tui
1304 4233 1425 4300 ordinis
1441 4234 1582 4298 instituta

315 4320 353 4386 acl
376 4320 625 4388 uniformitatem
642 4320 793 4388 reducere
809 4345 844 4388 ac
861 4321 900 4388 de
917 4322 975 4388 illis
992 4320 1189 4408 corrigendis
1206 4320 1256 4387 vel
1272 4343 1463 4409 quocunque
1480 4317 1580 4385 modo

316 4409 347 4472 in
371 4408 482 4474 melius
498 4407 707 4474 reformandis
732 4408 827 4475 libere
843 4407 1013 4496 disponere
1027 4409 1140 4490 valeas,
1186 4419 1259 4474 rout
1283 4405 1459 4474 secundum
1474 4407 1580 4472 Deum

317 4507 347 4561 et
371 4494 525 4562 salubrem
549 4507 663 4562 statum
689 4495 876 4562 monialium
907 4494 1081 4562 earundem
1105 4514 1136 4562 et
1160 4431 1362 4562 honestatem
1389 4494 1438 4560 sui
1462 4490 1581 4558 ordinis

316 4581 430 4649 videris
460 4607 497 4649 ex
522 4581 621 4664 edire,
655 4583 711 4649 tibi
737 4585 904 4650 autoritate
933 4585 1128 4671 presentium
1157 4581 1364 4650 concedimus
1392 4580 1580 4648 facultatem.

317 4671 389 4736 Dat.
413 4606 545 4737 Viterbii
569 4671 623 4737 Vl.
648 4669 795 4738 kalendas
819 4670 1023 4759 septembris,
1050 4670 1252 4760 pontificatus
1281 4670 1382 4737 nostri
1405 4692 1490 4735 anno
1514 4668 1581 4733 111⁰.

319 4801 402 4806 ,
416 4801 543 4914 pagg..
