3828 5590
1513 604 1535 674 J·
1558 618 1632 673 ¹272·

975 759 1027 828 tn.

475 879 721 968 Ordensgeneral
751 879 931 1034 (Johnnnup
958 889 1058 948 trdstet
1087 881 1143 946 deu
1175 902 1231 945 nen
1257 881 1429 966 garunnun
1455 881 1635 968 Proaiuzial

371 967 477 1034 Ulriclr
499 968 564 1034 and
582 968 723 1056 gewdhrt
746 969 808 1034 ihtu
831 969 887 1034 dns
929 969 1050 1054 riuileg,
1075 967 1147 1055 dass
1170 991 1202 1032 rr
1224 967 1374 1033 rudhrend
1394 969 1488 1034 seiurs
1505 969 1632 1035 Provin-

365 1055 493 1140 (inlatas
514 1057 615 1120 seinen
638 1055 830 1122 Beichtuater
845 1057 915 1142 srei
935 1055 1058 1121 withlen
1081 1053 1172 1120 kann.
1220 1051 1348 1144 (1272.)

471 1158 622 1243 Magister
659 1156 883 1224 confirmatum
928 1176 1088 1224 exortatur
1125 1157 1267 1224 Ulricum
1304 1157 1540 1244 provincialem.
1598 1159 1634 1224 In

367 1243 496 1310 Christo
520 1255 578 1310 etc.
612 1243 735 1310 Vestris
758 1244 901 1329 precibus
926 1245 1022 1309 michi
1039 1245 1214 1330 vestrisque
1237 1242 1347 1310 litteris
1371 1245 1522 1310 intimatis
1546 1265 1633 1310 com·

366 1330 513 1416 passione
528 1347 693 1416 permotus
706 1331 888 1396 annuissem
901 1329 1063 1410 libencius,
1080 1330 1105 1394 si
1119 1327 1292 1395 commode
1305 1330 1491 1416 potuissem.
1512 1331 1633 1396 Verum

366 1417 517 1504 quoniam
534 1417 635 1502 magis
652 1413 858 1483 deferendum
875 1429 923 1484 est
939 1417 1132 1484 universitati
1148 1439 1242 1504 quam
1260 1417 1314 1482 uni
1331 1427 1362 1482 et
1378 1415 1500 1504 publica
1520 1416 1634 1484 utilitas

365 1501 551 1603 preferenda
571 1503 702 1589 private,
726 1502 776 1569 ubi
794 1504 826 1568 in
849 1501 970 1590 publica
987 1503 1105 1604 privata
1129 1503 1270 1569 noscitur
1286 1503 1453 1584 contineri,
1477 1526 1559 1570 onus
1577 1503 1633 1569 sibi

366 1591 551 1677 impositum
568 1602 671 1657 vestra
693 1588 771 1656 ferat
787 1587 914 1656 dilectio
931 1609 1100 1677 pacienter,
1136 1588 1186 1656 Ad
1202 1587 1522 1678 prosequ(u)tionem
1540 1592 1635 1676 igitur

365 1677 496 1764 injuncti
518 1675 609 1743 vobis
632 1674 729 1743 officii
752 1699 810 1743 vos
835 1677 962 1744 viriliter
985 1677 1170 1763 accingatis!
1218 1675 1318 1764 Spero
1343 1678 1440 1758 enim,
1464 1677 1552 1765 quod
1575 1699 1634 1744 vos

365 1786 478 1830 manus
512 1763 635 1830 domini
665 1762 870 1845 confortabit,
903 1766 956 1852 qni
983 1787 1043 1830 vos
1077 1762 1115 1830 ad
1147 1761 1353 1830 excolendam
1386 1787 1475 1830 suam
1508 1765 1632 1831 unicam

365 1862 523 1917 rectorem
551 1852 657 1936 posuit
681 1861 712 1916 et
736 1850 912 1917 custodem.
960 1852 1028 1937 Ego
1052 1873 1179 1938 quoque
1210 1872 1267 1936 pro
1292 1873 1362 1916 mea
1391 1849 1520 1917 modula
1543 1849 1633 1918 vobis

365 1959 514 2023 propono
537 1939 681 2003 assistere
696 1935 863 2018 indefesse,
888 1950 918 2004 et
935 1961 975 2003 ne
999 1937 1163 2004 deterioris
1187 1935 1385 2003 condicionis
1408 1939 1441 2002 in
1464 1949 1546 2004 statu
1563 1960 1633 2024 pre-

365 2023 496 2088 lacionis
524 2045 618 2122 quam
648 2021 850 2108 subjectionis
874 2046 932 2089 vos
962 2047 1030 2090 esse
1060 2025 1240 2108 contingat,
1271 2022 1408 2109 eligendi
1436 2022 1527 2089 vobis
1557 2045 1634 2089 con·

365 2108 501 2175 sessores
530 2119 613 2194 Juxta
641 2120 744 2175 vestre
775 2108 1004 2196 beneplacitum
1033 2109 1217 2190 voluntatis,
1253 2108 1402 2196 quamdiu
1433 2108 1633 2196 provincialis

336 2195 338 2198 ’
364 2194 492 2276 lueritis,
517 2193 799 2291 concedontenore
821 2198 1020 2281 presencium
1045 2207 1245 2282 potestatem.
1294 2196 1455 2262 Ceterum.

370 2321 683 2331 ..—-...-.-..--..

470 2368 526 2422 Fol.
549 2368 597 2420 108
608 2379 634 2421 v,

972 2541 1022 2612 dl.

468 2666 646 2752 Prouinrial
670 2663 809 2757 (Ulrt'ch)
833 2666 897 2732 teila
919 2669 1030 2732 seuam
1054 2666 1202 2746 Facunda,
1227 2667 1293 2732 deur
1316 2665 1456 2754 Bischofe
1472 2662 1632 2752 (Albrrtus

362 2754 512 2840 Magnus)
535 2757 614 2819 seiae
642 2754 738 2819 Wahl
760 2755 815 2820 tuit
837 2755 902 2819 and
923 2753 1005 2819 bata
1029 2777 1080 2819 nm
1102 2755 1181 2818 seiae
1210 2754 1455 2838 Untcrstr'ltrung.
1503 2748 1630 2840 (1272.)

468 2856 672 2922 Provincialis
689 2855 895 2922 confirmatus
909 2858 1060 2942 episcopo
1078 2855 1198 2921 ordinis
1216 2867 1246 2921 et
1262 2857 1376 2920 amic0.
1405 2857 1482 2920 Leta
1498 2854 1631 2936 libenter

362 2941 532 3007 scriberem
564 2943 768 3007 serenissimo
798 2941 947 3021 domino,
980 2964 1075 3028 quem
1104 2941 1206 3006 leticia
1233 2940 1413 3007 habundare
1440 2963 1478 3006 cu
1502 2941 1550 3021 io,
1582 2951 1631 3004 set

363 3026 545 3094 habundans
562 3028 593 3092 in
610 3049 663 3092 me
688 3028 815 3094 tristicia
831 3028 994 3092 materiam
1011 3025 1228 3113 pessumdaret
1243 3024 1442 3113 gaudiorum.
1472 2962 1629 3092 lletichtet

361 3113 439 3181 tiber
454 3116 542 3180 seine
555 3112 660 3180 Wahl.
678 3166 685 3180 .
705 3165 711 3179 .
735 3114 821 3180 Inter
837 3113 896 3180 hec
913 3136 985 3179 cum
1002 3113 1174 3200 aspicerem
1191 3112 1231 3180 ad
1252 3112 1441 3200 adjutorium
1459 3113 1627 3178 hominum

362 3213 394 3268 et
422 3223 488 3267 non
521 3211 620 3282 esset,
650 3223 709 3268 vos
738 3201 893 3287 respicere
920 3201 1021 3288 jussus
1050 3223 1120 3266 sum
1149 3218 1310 3288 tamquam
1339 3198 1506 3267 dominum
1535 3221 1630 3287 super

362 3311 449 3356 mate
472 3287 684 3356 ambulantem
715 3307 745 3354 et
770 3287 874 3355 fluidis
902 3287 1051 3354 omnibus
1079 3287 1337 3355 indeclinabiliter
1364 3287 1628 3375 preemineutem,

383 3377 414 3443 ui
437 3388 552 3464 potens
575 3398 672 3464 opere
689 3388 720 3443 et
743 3398 903 3457 sermone,
927 3377 1062 3442 sciencia
1085 3374 1186 3457 fortis,
1211 3375 1410 3442 consciencia
1433 3373 1545 3442 fortior
1562 3397 1628 3440 non

362 3400 433 3531 dedi
458 3475 550 3531 netur
581 3487 710 3531 manum
740 3463 911 3531 extendere
941 3475 972 3530 et
1002 3465 1160 3550 suscipere
1184 3486 1242 3550 pro
1272 3485 1406 3530 occursu
1433 3465 1629 3550 tempestatis

361 3551 420 3618 vali
444 3575 461 3617 e
477 3551 675 3618 titubantem.
701 3553 796 3619 Certe
807 3550 846 3618 de
856 3550 946 3618 vobis
963 3549 1137 3631 confidere,
1153 3552 1186 3615 in
1199 3550 1309 3617 umbra
1323 3549 1440 3616 alarum
1454 3563 1628 3617 vestrarum

360 3661 485 3725 sperare
509 3661 576 3704 non
600 3638 697 3704 michi
720 3661 830 3704 recens
854 3639 971 3704 noticia
987 3657 1035 3704 set
1051 3656 1141 3704 vetus
1157 3639 1309 3718 amicicia,
1334 3661 1401 3703 non
1425 3638 1501 3705 levis
1518 3638 1628 3724 opinio

361 3736 409 3792 set
430 3724 520 3792 fortis
536 3726 621 3792 racio
645 3737 875 3812 persuaserunt.
915 3725 988 3791 Sitis
1011 3726 1105 3811 igitur
1129 3724 1239 3791 humili
1256 3723 1321 3790 filio
1345 3725 1512 3792 introitum
1535 3747 1626 3790 suum

362 3831 392 3879 et
416 3813 534 3880 exitum
558 3814 719 3900 ignoranti
735 3836 842 3879 currus
866 3813 979 3900 pariter
996 3824 1027 3878 et
1049 3813 1166 3898 auriga,
1190 3824 1224 3879 ut
1246 3813 1436 3880 continuatis
1460 3811 1628 3892 favoribus,

360 3899 472 3987 quibus
496 3923 548 3967 me
571 3899 609 3966 ab
633 3902 729 3988 ipsius
753 3900 872 3966 ordinis
897 3899 1055 3966 cunabulis
1079 3901 1277 3986 provexistis,
1300 3898 1447 3966 reddatur
1469 3900 1626 3986 premium

360 3989 428 4052 sine
453 3986 564 4054 lineet
587 3989 669 4054 inter
692 3989 850 4073 angustias
867 3989 1020 4053 irruentes
1045 4008 1102 4072 pro
1127 3986 1226 4053 arduo
1243 3986 1362 4052 solacio
1386 4006 1522 4052 vestram
1540 4008 1628 4052 com-

382 4091 468 4139 utare
503 4074 624 4140 valeam
655 4075 821 4160 pietatem,
854 4097 947 4174 quam
986 4073 1109 4139 assidue
1136 4074 1311 4159 promereri
1344 4072 1484 4138 conabor
1515 4074 1628 4140 vestris

359 4097 561 4246 beneplacitis
577 4172 664 4226 totns
687 4161 749 4245 jam
767 4183 804 4225 ex
828 4171 927 4225 osttus
945 4172 975 4225 et
998 4161 1169 4245 impensus.
1207 4157 1313 4225 Credo
1331 4161 1436 4240 etiam,
1461 4157 1547 4246 quod
1563 4159 1626 4224 cito

359 4244 483 4313 favente
503 4245 639 4312 domino
662 4268 721 4313 vos
736 4183 862 4326 videbo,
887 4268 954 4311 non
978 4265 1043 4311 tam
1068 4268 1105 4311 ex
1129 4244 1236 4311 debito
1260 4247 1407 4332 imposite
1431 4246 1627 4312 necessitatis

358 4356 453 4420 quam
476 4345 592 4400 tractus
615 4346 718 4401 vestre
742 4332 886 4399 funiculis
910 4333 1053 4400 caritatis.
1100 4331 1237 4398 Valeatis
1261 4342 1319 4398 etc.

463 4507 519 4562 Fol.
543 4524 582 4562 11.
611 4507 653 4560 Da
671 4507 713 4560 die
733 4507 908 4577 Bestdtigung
926 4507 973 4560 der
987 4506 1066 4560 Wahl
1079 4505 1185 4560 Ulrichs
1204 4506 1360 4576 vorangeht,
1383 4523 1414 4559 so
1433 4506 1466 4560 ist
1484 4506 1560 4560 wohl
1579 4523 1628 4560 nur

358 4597 444 4649 dieser
470 4595 516 4648 der
543 4596 682 4648 Scltreiber
707 4595 794 4648 dieses
820 4594 919 4648 Briefes
947 4597 998 4648 nard
1018 4596 1141 4648 Albertus
1163 4595 1277 4664 Magnus
1303 4594 1348 4646 der
1367 4593 1539 4664 Empfanger.
1577 4593 1628 4646 Die

357 4683 593 4737 Ausdruclrsweise
607 4684 748 4753 episcopus
762 4683 833 4735 ohne
847 4683 981 4752 quondam
993 4682 1058 4736 tvird
1071 4681 1144 4735 wohl
1158 4682 1217 4734 kein
1230 4681 1370 4734 Redenlren
1384 4697 1498 4750 erregen
1511 4681 1627 4734 konnen.

358 4771 408 4823 Fur
421 4770 472 4823 den
492 4769 760 4823 lreurtdschaltlicheu
774 4769 894 4822 Verkeln
907 4769 952 4821 der
973 4769 1065 4822 beiden
1079 4768 1225 4822 Gelehrten
1244 4768 1333 4838 liegen
1352 4769 1378 4819 in
1392 4767 1438 4821 Nr.
1456 4783 1495 4835 50,
1512 4783 1540 4836 53
1560 4784 1626 4820 usw.

361 4857 505 4925 Zeugnisse
525 4873 580 4909 vor.
