3822 5592
337 632 359 702 J.
382 644 457 702 ¹²94-
925 625 1020 681 Brief.
1541 612 1597 674 161

347 787 472 872 sropriis
489 785 646 871 implicitis
663 783 839 864 destimtvit,
863 807 996 870 quarum
1013 783 1129 850 adverti
1149 783 1376 848 continentiam
1394 793 1426 846 et
1441 791 1600 848 tenorent.

339 811 422 937 llam
446 869 571 958 abipso
604 869 747 936 retivistis
770 869 928 935 licentiam
946 868 985 935 ad
1008 869 1102 934 alium
1119 867 1264 935 ordinem
1287 865 1479 949 transeundi,
1503 870 1602 935 sancti

337 957 484 1024 videlicet
500 892 670 1038 Benedicti,
694 958 889 1042 assignantes
913 979 1050 1037 cansam,
1074 956 1145 1044 quia
1167 955 1258 1022 vobis
1274 953 1421 1022 deessent
1443 953 1524 1042 apud
1541 979 1602 1022 nos

338 1044 479 1111 remedia
513 1043 679 1110 medicine.
739 1043 942 1144 Adiecitque,
979 1042 1066 1131 quod
1099 1044 1338 1110 circumstantiis
1366 1066 1406 1109 ne
1431 1043 1492 1108 ocii
1525 1065 1602 1129 pen-

338 1134 411 1199 satis
427 1131 558 1220 provide
574 1131 664 1198 vobis
680 1151 783 1198 vestre
800 1132 962 1218 petitionis
980 1131 1128 1197 ellectum
1145 1129 1357 1198 concederem
1373 1065 1600 1217 veinegarem.

338 1220 439 1286 Porro
463 1221 529 1286 iure
553 1237 677 1286 cautum
702 1231 758 1301 est,
783 1217 880 1308 quod,
904 1217 1017 1308 quide
1041 1241 1103 1284 una
1126 1218 1281 1306 religione
1305 1220 1440 1307 migrare
1456 1218 1540 1305 cupit
1563 1218 1602 1284 ad

338 1307 443 1389 aliam,
475 1306 568 1375 debet
599 1308 660 1374 hoc
691 1330 784 1396 agere
817 1309 945 1373 maioris
978 1307 1140 1394 religionis
1177 1306 1310 1374 obtentu
1347 1325 1378 1374 et
1409 1303 1448 1372 ad
1477 1304 1602 1392 frugem

338 1395 478 1462 melioris
501 1396 574 1478 vite,
598 1396 787 1463 strictiorem
812 1395 1011 1484 religionem,
1036 1393 1274 1463 observantiam
1298 1395 1488 1462 sanctiorem
1497 1419 1506 1477 ;
1535 1418 1601 1461 non

337 1483 376 1550 ad
398 1484 550 1551 laxiorem
573 1484 623 1550 vel
647 1486 816 1566 minorem,
842 1508 880 1551 ex
903 1485 1080 1552 temeritate
1103 1483 1154 1550 vel
1177 1483 1301 1552 levitate
1325 1484 1421 1550 animi
1445 1481 1600 1550 declinare

338 1596 533 1662 nequaquam
557 1596 615 1660 pro
639 1574 674 1639 rii
699 1571 819 1640 ordinis
848 1574 878 1639 in
909 1574 1067 1640 iacturam.
1116 1573 1251 1640 Causam
1281 1573 1374 1641 etiam
1399 1595 1505 1639 veram
1535 1595 1600 1639 non

337 1659 442 1727 fictam
466 1673 497 1728 et
520 1595 712 1750 probabilem
737 1672 866 1750 oportet
888 1660 982 1728 talem
1007 1660 1167 1748 assignare
1191 1661 1289 1729 etsie
1313 1661 1374 1750 legi
1398 1661 1516 1749 private
1533 1683 1600 1728 non

336 1747 468 1830 suberit,
500 1751 551 1838 qui
582 1751 707 1836 spiritus
739 1751 877 1838 concipit
908 1749 1092 1817 libertatem.
1145 1749 1316 1838 Oportebit
1346 1751 1473 1838 insuper
1505 1749 1601 1817 vitam

336 1836 425 1904 aliam
444 1839 610 1920 invenisse,
635 1839 815 1927 priusquam
840 1839 1031 1905 anteriorem
1051 1836 1164 1906 audeat
1186 1837 1358 1928 reliquisse,
1382 1862 1422 1905 ne
1439 1838 1603 1924 contingat

336 1949 409 1992 eum
430 1926 480 1992 vel
502 1924 541 1993 ad
564 1937 690 2014 tempus
714 1928 746 1993 in
770 1926 903 1993 aliorum
925 1924 1107 1993 scandalum
1131 1926 1241 1994 relicto
1258 1925 1437 1994 monachali
1452 1943 1601 2008 scemate,

335 2014 415 2081 sicut
438 2015 524 2096 ovis,
548 2038 609 2102 que
633 2016 742 2103 petiit,
771 2014 927 2081 oberrare.
975 2016 1088 2082 Cetera
1112 2037 1190 2081 vero
1214 2016 1239 2081 si
1263 2016 1321 2082 rite
1345 2015 1454 2080 omnia
1498 2037 1601 2080 roces·

334 2101 464 2184 sissent,
494 2125 585 2168 causa
615 2113 722 2169 tamen
746 2101 902 2191 postulate
930 2101 1060 2168 licencie
1089 2100 1249 2168 claudicat.
1295 2102 1381 2169 Nam
1411 2037 1601 2169 medicinam

336 2188 534 2276 corporalem
565 2191 694 2278 queritis
723 2202 754 2258 et
788 2191 953 2257 sanitatem
984 2191 1110 2256 siritus
1138 2188 1296 2278 ablegatis.
1349 2188 1601 2257 Subsannatione

335 2276 530 2344 subsannent
546 2278 716 2359 christiani,
732 2277 898 2344 frendeant
914 2213 1059 2344 dentibus
1076 2278 1173 2343 sancti
1185 2277 1247 2343 Dei
1263 2276 1417 2344 dicentes:
1434 2277 1602 2343 Memento

336 2375 366 2430 te
391 2389 460 2430 esse
483 2365 694 2447 monachum,
722 2389 790 2431 non
813 2363 990 2447 medicum,
1020 2363 1217 2432 redditurum
1241 2365 1413 2446 rationem,
1442 2387 1501 2452 pro
1526 2387 1602 2432 con-

337 2453 515 2519 versatione
540 2477 607 2518 non
631 2477 689 2541 pro
713 2453 951 2541 complexione!
998 2451 1104 2519 Puella
1126 2471 1252 2534 tenera,
1282 2451 1426 2534 delicata,
1451 2451 1602 2534 mutilata,

336 2539 507 2619 vulnerata,
532 2542 628 2607 morti
652 2539 812 2629 deputata:
838 2539 1039 2622 medicinam,
1063 2541 1094 2606 in
1120 2540 1174 2621 uit,
1199 2539 1355 2607 carnalem
1376 2541 1503 2628 corpori
1527 2563 1602 2607 meo

337 2651 499 2716 nunquam
528 2628 667 2710 exhibui,
697 2640 746 2695 set
773 2627 875 2695 habeo
900 2625 1067 2694 dominum
1091 2563 1219 2694 ihesum
1244 2627 1422 2709 Christum,
1450 2628 1504 2715 qui
1530 2626 1601 2694 solo

338 2737 488 2781 sermone
504 2716 637 2782 restituit
660 2717 813 2782 universa.
849 2715 927 2794 Quo
952 2713 1052 2781 modo
1076 2725 1182 2781 autem
1205 2715 1263 2782 iuri
1287 2715 1408 2796 militat,
1431 2713 1518 2802 quod
1533 2737 1603 2802 pre-

339 2803 472 2868 sumitur
501 2814 610 2868 contta
642 2804 726 2868 iura?
759 2855 765 2868 .
799 2856 804 2867 .
838 2855 844 2867 .
878 2802 1044 2868 Contraria
1076 2853 1082 2867 .
1113 2853 1120 2867 .
1146 2853 1152 2867 .
1187 2801 1364 2868 conditioni
1394 2800 1500 2868 divine
1529 2820 1602 2868 sunt

338 2907 485 2974 precepta
509 2887 675 2954 medicine.
722 2891 750 2955 A
778 2889 895 2954 ieiunio
920 2905 1085 2970 revocant,
1115 2887 1277 2954 lucubrare
1301 2911 1367 2955 non
1390 2888 1506 2955 sinunt.
1552 2888 1602 2954 nb

338 2976 427 3041 omni
451 2975 629 3042 intentione
652 2975 867 3043 meditationis
891 2973 1058 3042 abducunt.
1094 2975 1132 3042 Et
1155 2975 1209 3064 qui
1232 2999 1266 3042 se
1290 2973 1412 3043 dederit
1434 2973 1602 3058 medicine,

336 3087 369 3130 se
395 3063 498 3152 ipsum
523 3065 721 3132 convincitur
750 3063 915 3152 abnegare.
962 3061 1125 3131 Manendo
1154 3063 1259 3153 itaque
1286 3065 1319 3132 in
1349 3062 1462 3132 ordine
1484 3075 1602 3148 vestro,

336 3153 361 3218 si
392 3150 555 3240 indigetis,
587 3151 716 3221 fratrum
744 3154 843 3257 pietas
873 3176 939 3220 non
969 3151 1077 3220 deerit.
1128 3151 1183 3220 Sin
1213 3165 1320 3222 autem
1348 3151 1387 3222 ad
1415 3153 1601 3242 opinionem

335 3241 441 3308 vivere
469 3239 668 3326 decreverits,
692 3243 723 3310 in
749 3240 907 3310 mfmitum
932 3247 1108 3310 succrescet
1132 3241 1263 3311 ambitio
1288 3253 1319 3312 et
1341 3243 1602 3348 sanguisugarum

336 3354 402 3396 non
427 3329 613 3420 quietabitur
636 3331 802 3420 appellatio
826 3330 1014 3400 dicentium:
1039 3331 1137 3414 Affer,
1161 3331 1245 3400 affer.
1294 3333 1363 3400 Hiis
1387 3333 1546 3422 congnrtis
1569 3334 1601 3400 in

335 3420 520 3501 vocatione,
552 3443 611 3508 qua
634 3431 764 3488 vocatus
789 3421 877 3503 estis,
904 3422 1127 3508 perseveretis!
1174 3421 1211 3488 Et
1235 3419 1322 3510 quod
1345 3422 1456 3488 scienti
1486 3421 1601 3510 legem,

336 3505 424 3586 dicu,
455 3505 630 3593 dampnosa
653 3507 731 3574 fisco
755 3527 807 3574 aut
830 3509 889 3574 iuri
913 3509 1071 3574 contraria
1095 3532 1161 3574 non
1184 3509 1311 3596 petatis!
1357 3509 1427 3596 Ego
1451 3509 1539 3576 enim
1568 3511 1601 3575 in

335 3616 444 3659 meum
468 3593 640 3680 periculum
665 3593 738 3660 dare
760 3594 851 3661 vobis
874 3595 1038 3662 licenciam
1062 3619 1129 3663 non
1152 3617 1311 3683 propono.
1358 3595 1480 3662 Valete.

338 3720 520 3727 .-.............‚...,.
528 3721 650 3728 ---——-—-.

441 3765 497 3819 Fol.
521 3781 576 3836 190.
604 3766 660 3820 Das
679 3767 799 3820 Studium
819 3767 865 3820 der
883 3768 997 3822 Medizin
1017 3769 1108 3822 warde
1127 3769 1178 3822 den
1192 3767 1309 3822 nrudern
1328 3769 1457 3823 verboten
1476 3769 1524 3823 anf
1538 3769 1599 3824 dem

322 3851 549 3923 'Generallrapitel
569 3853 593 3906 in
614 3853 680 3907 Lille
701 3869 775 3926 1293.
814 3854 943 3910 Thesaur.
965 3855 1034 3909 Nov.
1055 3856 1099 3922 IV,
1122 3857 1196 3924 1853.

936 3991 1003 4063 154.

437 4099 508 4164 Das
520 4099 587 4164 dem
597 4087 912 4166 Dornirrikancrordcn
928 4100 1141 4189 irrlrorporr'crte
1150 4102 1269 4168 Kloster
1281 4101 1432 4189 Nerrbnrg
1444 4099 1600 4190 appellirrt

331 4208 425 4272 gegen
441 4186 489 4251 die
503 4185 821 4274 Gewaltthritiglter'ten
841 4189 892 4253 des
908 4188 1046 4276 Bisclross
1058 4187 1211 4279 (Emiclro)
1227 4212 1286 4255 vora
1306 4189 1350 4255 W
1348 4211 1436 4255 arms.
1473 4185 1599 4278 (1294.)

438 4291 552 4356 forma
568 4289 796 4378 appellationis.
832 4293 917 4372 Quia
933 4316 1002 4374 vos,
1027 4291 1158 4360 domine
1172 4294 1422 4360 Wormaciensis
1440 4293 1599 4380 episcope,

334 4387 443 4443 contra
467 4376 701 4445 ordinationem
726 4390 757 4445 et
781 4378 963 4446 mandatum
982 4380 1166 4447 reiterabilis
1184 4380 1307 4448 domini
1328 4381 1478 4448 Iohannis
1495 4379 1600 4446 Thus-

334 4463 445 4546 culani,
470 4464 630 4552 quondam
648 4466 821 4552 apostolice
839 4465 921 4532 sedis
941 4467 1045 4553 legati,
1071 4468 1110 4534 de
1127 4467 1219 4534 nobis
1244 4488 1274 4535 et
1291 4491 1348 4556 pro
1373 4467 1465 4534 nobis
1482 4467 1596 4533 l'actum

334 4551 426 4617 nobis
457 4574 525 4618 esse
555 4553 707 4619 molestus
744 4576 811 4618 non
840 4554 996 4636 desinitis,
1031 4565 1062 4621 et
1092 4556 1306 4643 gratissimum
1340 4566 1371 4621 et
1405 4553 1598 4622 salutiferum

333 4639 488 4726 regimen,
512 4638 597 4728 quod
618 4639 655 4706 ab
672 4639 784 4706 ordine
801 4640 929 4707 fratrum
948 4641 1186 4709 Predicatorum
1202 4643 1294 4709 nobis
1310 4643 1474 4730 competit,
1496 4641 1600 4708 multi-

333 4725 454 4814 pliciter
469 4726 626 4814 inpeditis,
650 4747 827 4795 memorate
844 4730 927 4796 sedis
950 4728 1122 4818 presidium
1148 4742 1180 4797 et
1202 4729 1333 4818 predicti
1350 4729 1473 4798 domini
1492 4729 1599 4797 suffra·

333 4815 420 4902 gium
444 4814 602 4882 humiliter
624 4815 829 4904 imploramus
854 4835 885 4884 et
908 4818 1069 4884 instanter.
1110 4818 1192 4899 Quis
1216 4821 1302 4886 enim
1326 4817 1507 4886 mortalium
1531 4840 1598 4884 non

333 4903 447 4984 videat,
471 4904 540 4991 quis
564 4905 604 4970 ita
620 4928 636 4970 a
653 4928 729 4971 vero
754 4929 880 4972 aversus
897 4930 963 4972 uon
987 4904 1226 4989 animadvertat,
1250 4920 1402 4997 quantum
1419 4907 1459 4974 sit
1479 4905 1598 4974 facinus

385 5023 495 5078 Flnlro,
517 5025 779 5071 nonnntnmcmrtera.
1442 5034 1464 5074 rt
