3822 5592
932 649 1025 702 Briefe.
1488 650 1510 720 J.
1534 652 1607 720 1289.

948 855 1008 922 ret.

452 996 628 1081 Provinqt'al
645 992 837 1084 (Hermann)
853 996 961 1060 iindert
985 999 1047 1061 eine
1064 996 1260 1082 Verordnmrg
1283 996 1334 1060 des
1351 997 1475 1082 vorigett
1492 995 1609 1083 Briefes

346 1084 500 1171 lteqiiglich
523 1083 576 1150 der
601 1083 803 1148 Komrrtmtion
829 1081 923 1148 durch
954 1083 1010 1148 dos
1034 1083 1164 1148 Fruster.
1212 1080 1379 1170 (Hagenau
1408 1086 1491 1167 1289
1514 1082 1609 1172 Mai.)

450 1205 566 1271 Littera
586 1203 786 1291 provincialis
803 1203 921 1270 eisdem
940 1203 978 1270 de
996 1204 1109 1269 eodem
1129 1227 1199 1269 cum
1224 1216 1479 1291 temperamento
1497 1204 1609 1290 prioris

346 1291 457 1356 littere.
512 1289 673 1356 Omnibus
702 1290 857 1376 priorissis
886 1301 917 1356 et
946 1289 1107 1356 sororibus
1135 1293 1215 1356 circa
1243 1291 1452 1375 Argentinam
1483 1291 1609 1375 provin-

346 1376 430 1442 cialis
458 1389 517 1443 etc.
565 1377 698 1442 Gratum
723 1377 795 1441 Deo
826 1389 857 1442 et
887 1375 990 1441 ordini
1020 1376 1206 1464 obsequium
1236 1375 1450 1462 impendistis,
1482 1375 1609 1463 quando

347 1465 498 1550 magistro
515 1463 635 1529 ordinis
653 1462 748 1529 illatas
771 1462 862 1528 uobis
879 1486 895 1528 a
912 1463 1066 1550 religiosis
1082 1462 1267 1550 quibusdam
1289 1464 1416 1530 iniurias
1432 1463 1609 1529 intimastis.

346 1551 392 1617 lle
408 1573 480 1617 vera
504 1572 565 1634 ego
590 1572 656 1614 non
681 1549 798 1615 credidi
814 1561 863 1615 tot
887 1550 966 1614 mala
990 1549 1141 1637 aliquibus
1157 1551 1303 1634 irrogata,
1328 1551 1387 1614 nisi
1404 1562 1509 1616 essent
1529 1572 1609 1614 mar·

345 1638 417 1701 tirio
441 1635 626 1702 coronandi.
673 1635 766 1700 Unde
789 1637 841 1701 vix
864 1647 1006 1723 poteram
1032 1636 1173 1702 lacrimas
1197 1637 1371 1717 continere,
1396 1647 1427 1701 et
1450 1659 1524 1715 vos,
1548 1658 1609 1722 que

345 1728 468 1790 nostra¹
480 1723 593 1810 scripta
604 1720 724 1788 vidistis
741 1744 795 1809 per
811 1722 943 1808 singula,
959 1724 984 1789 si
998 1723 1105 1789 omnia
1122 1723 1234 1810 pariter
1247 1723 1278 1788 in
1294 1721 1437 1789 inanibus
1449 1723 1609 1802 teneretis,

347 1811 440 1876 vestri
472 1811 532 1875 iant
565 1808 684 1876 doloris
715 1811 922 1876 immemores
955 1809 1059 1897 plagas
1093 1822 1216 1877 nostras
1248 1810 1382 1876 lacrimis
1410 1807 1609 1876 affluentibus

346 1898 498 1964 lavareris.
544 1897 615 1963 Heu
640 1920 702 1977 me,
726 1895 789 1964 lilie
812 1898 984 1978 karissime,
1008 1897 1174 1986 quomodo
1198 1896 1286 1964 sedet
1309 1898 1376 1964 sola
1400 1898 1506 1964 civitas
1531 1896 1607 1963 olim

346 1984 437 2072 plena
459 1984 590 2072 populo,
614 2007 709 2072 quem
727 1984 875 2051 dominus
892 1987 1085 2052 exercituum
1101 1983 1269 2052 benedixit.
1309 1986 1381 2053 Vita
1398 1998 1499 2052 vestra
1515 1983 1608 2051 velud

345 2096 362 2138 a
385 2084 512 2139 texente
536 2072 719 2159 preciditur,
751 2073 949 2141 convolvitur
974 2093 1003 2140 et
1034 2071 1170 2140 aufertur
1198 2096 1214 2138 a
1238 2073 1327 2139 vobis
1360 2073 1446 2161 quasi
1475 2073 1608 2158 pastoris

344 2159 591 2240 tabernaculum,
608 2158 755 2248 quicquid
772 2172 837 2226 erat
852 2161 994 2241 remedii,
1018 2159 1132 2246 gaudii,
1150 2160 1262 2238 solatii,
1281 2171 1388 2226 sancte
1404 2161 1481 2247 spei.
1506 2160 1607 2224 Porro

346 2270 417 2312 cum
435 2249 476 2312 ita
492 2258 621 2333 repente
645 2245 731 2332 plura
747 2269 814 2312 non
830 2249 995 2333 potueritis
1012 2249 1162 2327 invenite,
1187 2270 1254 2312 non
1271 2259 1366 2314 nocet
1382 2249 1495 2313 iterum
1515 2258 1607 2334 atque

345 2335 457 2401 iterum
475 2332 648 2419 fragmenta
674 2332 821 2420 colligere
838 2347 869 2401 et
891 2336 988 2401 micas
1004 2334 1125 2416 tollere,
1149 2358 1210 2424 que
1226 2333 1265 2400 de
1290 2335 1408 2400 mensis
1424 2345 1605 2400 nostrorum

346 2433 497 2488 corruunt
521 2419 743 2502 dominorum,
772 2433 806 2489 ut
830 2421 958 2511 reliquie
982 2446 1047 2488 nou
1078 2424 1138 2488 iant
1168 2423 1414 2510 cogitationum,
1447 2435 1494 2488 set
1523 2420 1608 2487 locu-

344 2511 469 2576 tionum
486 2531 517 2577 et
534 2533 666 2597 operum
692 2509 805 2577 festum
822 2524 926 2598 agant,
951 2511 1040 2600 quale
1060 2524 1134 2578 tunc
1152 2510 1218 2592 fuit,
1243 2535 1314 2578 cum
1332 2510 1449 2578 articuli
1467 2509 1608 2596 legeren-

344 2619 404 2679 tur,
429 2597 479 2663 ubi
504 2596 594 2663 effata
618 2620 707 2663 aures
731 2598 894 2665 surdarum
918 2599 1060 2686 aspidum
1085 2599 1206 2685 aperuit
1230 2611 1261 2665 et
1285 2621 1437 2664 ossuum
1461 2597 1607 2685 iniquitas

344 2685 482 2772 opilavit.
530 2685 681 2751 Ceterum
704 2685 789 2772 quod
814 2684 853 2752 de
874 2687 1103 2752 communione
1127 2709 1182 2773 per
1205 2685 1373 2753 fenestram
1398 2686 1537 2772 positum
1562 2699 1607 2750 est

345 2774 375 2838 in
401 2773 500 2839 littera
525 2773 675 2858 magistri,
700 2795 765 2838 non
790 2796 848 2840 vos
873 2773 1029 2840 molestet.
1074 2776 1156 2840 Nam
1182 2772 1252 2838 licet
1277 2771 1489 2838 demandato
1513 2773 1608 2858 ipsius

345 2879 457 2938 cetera,
481 2872 574 2945 prout
591 2859 680 2924 vobis
705 2859 816 2926 melius
840 2859 986 2960 expedire
1003 2860 1131 2940 credidi,
1155 2859 1362 2939 ordinassent,
1387 2872 1461 2925 tunc
1479 2881 1607 2944 presens

346 2969 410 3010 non
435 2944 572 3025 aderam,
595 2945 722 3032 quando
746 2945 794 3011 illa
818 2946 941 3013 addicio
966 2947 1165 3012 scribebatur.
1212 2947 1266 3012 Set
1286 2946 1386 3032 placet
1409 2945 1496 3023 milti,
1520 2944 1606 3031 quod

345 3033 376 3097 in
401 3032 501 3098 cltoro
526 3043 631 3096 vestro
656 3034 898 3099 communicetis
922 3058 939 3098 a
963 3033 1127 3120 capellanis
1152 3035 1276 3113 vestris,
1308 3034 1360 3120 qui
1384 3033 1529 3097 iuventus
1552 3053 1607 3117 per

345 3141 518 3184 conversos
543 3131 694 3198 maturos,
717 3121 857 3206 proviso,
888 3121 974 3208 quod
998 3119 1213 3206 ingrediantur
1237 3140 1267 3185 et
1292 3117 1490 3205 egrediantur
1513 3119 1606 3184 sactis

346 3205 444 3272 induti
461 3205 609 3287 vestibus,
633 3204 718 3308 quod
736 3205 826 3274 decet
850 3207 1038 3274 sacerdotes.
1074 3208 1234 3296 Alioquin,
1260 3205 1406 3272 columbe
1429 3217 1606 3291 gementes,

345 3306 463 3362 vestras
491 3292 669 3362 revolabitts
693 3293 730 3360 ad
755 3294 915 3363 fenestras.
961 3297 1107 3384 Reliqua,
1139 3297 1165 3361 si
1218 3319 1255 3362 ua
1279 3293 1409 3374 desunt,
1440 3316 1495 3382 per
1523 3294 1607 3361 vices

345 3382 488 3470 supplete
512 3401 636 3470 poter0,
660 3397 753 3469 prout
776 3382 929 3451 videbitur
953 3396 1157 3472 oportunum.
1196 3319 1298 3470 llogo
1322 3395 1427 3450 autem
1450 3382 1607 3449 humiliter

345 3483 376 3536 et
393 3470 519 3550 obnixe,
543 3482 695 3557 quatenus
712 3473 892 3558 ignoscatis,
916 3473 940 3537 si
958 3492 1155 3559 exasperatus
1172 3471 1339 3560 aliquando
1363 3471 1501 3557 asperius
1517 3468 1607 3536 vobis

345 3557 457 3623 scribo.
497 3557 580 3623 Nam
598 3579 653 3622 cor
677 3581 784 3624 meum
809 3582 881 3645 erga
897 3583 955 3625 vos
980 3562 1010 3625 in
1035 3559 1126 3625 cubili
1143 3583 1201 3624 suo
1247 3559 1354 3625 lenum
1372 3570 1429 3636 est,
1453 3570 1517 3623 uts
1541 3580 1607 3636 er0,

346 3663 450 3708 sancta
482 3645 625 3723 karitate,
660 3667 723 3730 que
748 3645 870 3711 utiliora
908 3645 1018 3732 probat
1052 3645 1180 3712 vulnera
1214 3583 1372 3730 diligentis
1405 3581 1608 3710 fraudulbntis

345 3729 460 3796 osculis
497 3728 692 3796 blandientis.
748 3731 990 3799 Absolutionem
1030 3753 1059 3798 et
1094 3732 1362 3818 dispensationem
1398 3731 1604 3816 largissimam

346 3819 485 3903 magistri
512 3840 573 3969 per
603 3837 723 3884 certum
757 3821 901 3885 nuntium
936 3821 1057 3886 mittam
1090 3819 1197 3899 vobis,
1230 3817 1316 3906 quod
1350 3818 1406 3884 hac
1439 3819 1506 3884 vice
1540 3840 1605 3884 non

345 3916 489 4055 poteram
524 3926 613 3970 acere
636 3903 777 3991 plurimis
801 3918 980 3992 occupatus.
1020 3907 1094 3972 Duo
1119 3905 1249 3972 claustra
1273 3928 1339 3972 non
1362 3906 1552 3991 scripserunt
1576 3918 1607 3971 et

368 4013 407 4056 oc
436 3989 509 4056 ideo
538 3989 691 4072 fortassis,
720 3994 791 4080 quia
820 4004 943 4058 nostras
971 3993 1086 4059 litteras
1116 4017 1181 4058 noa
1211 3992 1365 4059 viderunt.
1412 3991 1522 4057 Valete
1546 4001 1605 4057 etc.

346 4077 462 4143 Datum
488 4078 688 4164 Hagenowie
712 4091 770 4145 etc.

402 4204 405 4208 .
431 4203 558 4210 ....-.-—·-.-
574 4204 659 4210 Ἰ------.-

452 4257 460 4286 ¹
480 4249 530 4302 HS.
552 4259 645 4304 vestra.

450 4406 504 4461 Fol.
527 4407 583 4477 169.

945 4597 1010 4665 122.

453 4719 698 4808 Ordeusgeaerol
714 4721 1042 4824 (Murrio)l1eoustrugt
1065 4723 1112 4787 die
1130 4721 1344 4808 Strasslrrrrger
1367 4723 1398 4786 in
1414 4719 1606 4786 Schlettstadt

344 4810 407 4874 und
428 4810 581 4896 Hagettau
605 4810 770 4876 cueilendert
794 4809 1014 4877 Darrriutleattet·
1045 4813 1099 4875 tuit
1122 4809 1174 4875 der
1200 4808 1352 4874 Grti-urlurt
1401 4810 1479 4873 eines
1502 4809 1605 4873 titteri-

344 4896 512 4961 ruistiscbrrt
536 4897 655 4961 Horres
679 4899 709 4961 in
733 4898 885 4982 Hageturu
913 4898 983 4961 oder
1005 4909 1082 4960 sons!
1107 4899 1137 4960 itt
1166 4896 1219 4959 det·
1245 4832 1460 4981 Strossiirrgcr
1484 4895 1607 4958 Diiicrsa
