3822 5592
188 2839 191 2852 '
313 2833 558 2924 hospitalitatem
586 2836 625 2904 ab
653 2861 692 2905 eo
721 2848 900 2920 removent,
932 2835 1077 2904 solvendi
1105 2836 1276 2903 maioribus
1305 2834 1409 2903 debita
1435 2859 1452 2902 a

317 582 339 653 J.
363 583 436 636 1288.
904 580 1000 636 oriere.
1210 609 1214 618 ·
1523 588 1611 652 113:
1667 561 1672 572 “

317 736 453 820 Additis‚
481 736 568 824 quod
596 738 766 824 porciones
796 760 862 803 non
887 736 1216 804 solvuiitcanoiiicas.
1262 738 1467 825 Respondeo,
1496 737 1582 827 quod

317 823 410 908 proni
438 833 511 888 sunt
533 820 656 888 solvere
685 845 783 910 usque
813 819 853 888 ad
883 819 925 902 id,
953 845 1018 909 quo
1041 821 1216 910 specialiter
1239 833 1312 890 sunt
1331 822 1373 894 ,de
1402 824 1470 891 iure
1494 847 1583 891 com-

317 909 407 975 muni
430 907 481 975 vel
502 907 667 996 privilegio
697 909 846 996 exempti.
894 907 1039 994 Amplius
1070 931 1109 996 pa
1132 930 1149 974 a
1176 908 1248 976 sub·
1262 909 1418 977 districto.
1453 930 1582 998 recepto

317 991 487 1081 prohibuit,
510 993 596 1082 quod
619 1017 637 1060 a
659 993 803 1060 fratribus
820 991 877 1060 -vel
899 993 1080 1080 parentibus
1119 993 1236 1062 efuncti
1259 1019 1315 1062 seu
1337 996 1413 1062 liere
1437 996 1504 1063 ibus
1528 1009 1581 1064 aut

317 1079 354 1146 ab
387 1081 462 1168 ipsis
495 1079 713 1148 executoribus
748 1103 815 1148 non
846 1081 987 1168 exigatur
1014 1077 1141 1167 porcio‘
1156 1077 1335 1168 legatorum
1362 1081 1506 1150 iratribus
1534 1107 1582 1150 re-

316 1167 475 1251 lictorum,
503 1167 616 1250 immo,
645 1167 731 1256 quod
755 1191 815 1235 nec
843 1168 875 1234 iii
905 1177 993 1258 parte
1022 1167 1073 1235 vel
1100 1169 1132 1234 in
1161 1179 1233 1237 toto
1261 1169 1369 1257 prelati
1399 1169 1581 1239 huiusmodi
1665 1237 1667 1242 .

317 1253 419 1346 legata
441 1279 508 1324 non
524 1253 693 1325 vendicent
714 1255 774 1324 iuri
797 1279 868 1339 suo,
893 1266 977 1324 vetat
999 1257 1205 1325 constitucio:
1229 1257 1323 1325 Extra
1346 1257 1385 1326 de
1402 1257 1581 1328 excessibus

317 1343 525 1432 prelatorum:
548 1345 680 1414 Nimis.8
717 1345 757 1413 Se
781 1345 874 1429 uitur,
891 1343 978 1435 quod
994 1344 1116 1413 nullum
1132 1341 1295 1414 infirmum
1312 1344 1480 1431 dimittant,
1526 1349 1580 1416 uin

316 1436 420 1522 ipsum
444 1457 500 1522 per
522 1457 557 1500 se
579 1432 630 1502 vel
653 1433 730 1501 alios
755 1369 893 1518 iliciant,
916 1445 951 1501 ut
973 1431 1056 1522 apud
1078 1434 1165 1589 ipsos
1188 1433 1298 1502 fratres
1324 1433 1417 1524 eligat
1439 1373 1580 1525 sepdlbi3

336 1521 402 1590 uod
425 1521 544 1590 nullum
560 1521 712 1677 yperbole
730 1531 786 1590 est.
826 1522 917 1603 Quin
940 1523 1045 1611 ipsum
1064 1521 1092 1589 al
1104 1523 1209 1606 iciant,
1232 1521 1425 1612 probacione
1448 1523 1579 1614 indiget.

315 1547 348 1677 Si
364 1612 448 1678 enini
473 1612 557 1678 iuxta
595 1611 750 1680 octrinam
774 1611 927 1699 sapientie
949 1634 1017 1678 non
1041 1611 1128 1699 piget
1150 1611 1259 1678 fratres
1272 1613 1399 1683 ‚visitare
1423 1612 1579 1696 infirmos,
1634 1613 1636 1617 ’

300 1731 301 1738 ¹
315 1707 350 1766 ut
366 1722 404 1766 ex
426 1699 489 1766 hoc
511 1699 544 1766 in
561 1697 731 1766 dilectione
746 1697 929 1782 firmentur;
951 1697 978 1764 si
995 1722 1075 1786 opus
1091 1698 1224 1786 implent
1243 1699 1470 1782 misericordie,
1493 1703 1581 1768 veni-

229 1849 230 1852 ,
315 1797 404 1853 entes
426 1785 465 1852 ad
488 1785 634 1853 infirmos
654 1794 686 1852 et
708 1787 741 1853 in
765 1809 900 1868 carcere,
924 1785 950 1852 si
966 1785 1172 1853 consolantur
1195 1788 1333 1853 amicum
1356 1788 1390 1852 in
1411 1789 1496 1854 exitu
1518 1791 1580 1875 spi-

227 1891 229 1894 ·
253 1871 255 1876 ’
314 1873 390 1939 ritus
413 1875 472 1954 sui,
500 1870 569 1939 hiis.
584 1873 732 1960 operibus
759 1872 897 1960 benigna
920 1895 987 1938 non
1016 1871 1154 1960 maligna
1176 1871 1259 1939 foret
1282 1873 1504 1961 interpretacio
1527 1873 1580 1940 ad-

314 1957 450 2026 liibeuda
473 2011 480 2026 .
506 2008 513 2026 .
539 2012 546 2026 .
570 1960 703 2027 Sanctus
725 1957 990 2048 ...predicator,
1014 1957 1067 2025 ubi
1089 1969 1272 2061 peccatores
1297 1983 1366 2026 esse
1390 1959 1578 2042 considerat,

313 2045 386 2113 illuc
407 2047 499 2113 anxie
522 2046 679 2134 provolat,
703 2057 738 2114 ut
760 2048 792 2114 in
816 2048 936 2134 peccati
960 2057 1065 2113 morte
1095 2046 1267 2114 iacentibus
1290 2047 1393 2114 lucem
1416 2047 1580 2115 vivificati-

313 2133 384 2199 onis
401 2133 558 2215 ostendat,
582 2151 613 2200 et
637 2131 696 2200 liec
712 2144 819 2220 potest
842 2156 912 2200 esse
927 2135 1019 2215 ratio,
1043 2155 1138 2220 quare
1157 2133 1190 2199 in
1206 2131 1485 2220 sollempnioribus
1501 2133 1579 2201 locis

313 2217 429 2287 habent
455 2219 638 2304 habitacula,
667 2230 702 2288 ut
729 2242 788 2308 pto
816 2231 962 2308 tempore
990 2217 1213 2303 laborantibus,
1243 2218 1484 2304 infirmantibus,
1507 2243 1579 2310 pec-

227 2319 230 2324 ’
313 2305 454 2376 cantibus
474 2305 551 2376 fiant
574 2305 712 2397 presidio
732 2308 800 2376 sine
816 2331 917 2376 mora.
955 2307 1087 2392 lllecti0,
1111 2309 1137 2376 si
1152 2306 1198 2392 fit,
1222 2307 1383 2398 probetur,
1407 2333 1482 2376 nain
1498 2308 1579 2378 solet

262 2463 266 2470 .
312 2395 379 2465 fieri
396 2421 452 2486 per
467 2395 613 2465 munera!
634 2451 641 2466 .
660 2451 667 2465 .
685 2451 692 2465 .
710 2399 743 2466 Si
758 2408 866 2465 autem
882 2397 984 2465 verbis
1000 2395 1091 2466 fieret
1107 2408 1139 2464 et
1159 2419 1215 2486 per
1231 2396 1367 2466 modum
1384 2397 1578 2467 consulentis

314 2509 352 2552 ex
376 2485 521 2568 consilio,
549 2510 647 2554 nenio
677 2485 848 2575 obligatur,
877 2509 952 2554 nain
981 2485 1033 2575 qui
1062 2494 1232 2568 exortatur,
1260 2485 1454 2554 mandatoris
1483 2509 1579 2575 opera

314 2597 382 2641 non
406 2574 546 2662 iungitur
561 2597 621 2642 nec
644 2586 769 2643 tenetur
785 2576 910 2642 actione
927 2572 966 2642 de
987 2597 1081 2641 servo
1098 2586 1260 2663 corrupto,
1305 2574 1337 2642 ui
1353 2573 1576 2642 condicionem
1609 2592 1611 2596 ’

298 2661 411 2748 §ipsius
427 2659 545 2729 studuit
560 2661 661 2730 lacere
681 2662 858 2730 meliorem.
897 2662 1055 2752 Sequitur,
1078 2659 1164 2752 quod
1179 2663 1213 2729 iii
1232 2599 1362 2750 publicis
1378 2661 1578 2730 sermonibus

230 2763 233 2772 '
277 2749 438 2836 *prelatis
467 2749 635 2818 detrahunt
658 2761 690 2818 et
711 2750 779 2834 alia,
809 2774 869 2840 que
898 2759 1060 2817 secuntur:
1090 2749 1176 2838 quod
1206 2748 1326 2817 clerum
1355 2747 1577 2903 depauperant,

1475 2856 1578 2904 imunt

233 2924 234 2933 ’
264 2931 283 3008 'f‘
312 2921 501 3012 facultatem
526 2925 610 2992 'Hec
632 2923 820 3012 probatione
844 2921 997 3012 indigent.
1024 2924 1159 2992 -Nescio
1175 2925 1244 3014 quis
1268 2923 1328 2990 hos
1348 2923 1519 3006 fascinavit,
1535 2944 1577 2992 ut

312 3011 434 3099 opinari
450 3010 620 3102 possi(n)t,
645 3011 732 3102 quod
749 3012 868 3081 Christi
908 3033 1050 3102 auperes,
1069 3012 1122 3103 qui
1142 3011 1335 3102 reliquerunt
1350 3013 1459 3080 omnia
1475 3011 1577 3080 habita

311 3111 342 3167 et
369 3097 522 3183 habenda,
548 3153 555 3168 .
580 3153 587 3168 .
614 3153 621 3168 .
646 3099 860 3169 nonvaleant
883 3035 922 3169 de
937 3100 1054 3169 ‘altario
1077 3097 1194 3184 vivere,
1218 3101 1270 3190 qui
1294 3112 1442 3169 tenentur
1468 3099 1576 3170 altario

273 3221 276 3226 ·
310 3185 479 3256 deservire.
495 3271 501 3280 .
518 3189 598 3256 Sunt
621 3189 688 3272 alia,
717 3213 779 3278 que
808 3191 895 3278 ipsos
923 3194 1099 3278 apportant.
1138 3190 1223 3256 Nam
1251 3187 1488 3278 potencioribus
1518 3189 1576 3258 sibi

255 3282 265 3362 ,J
310 3275 463 3344 beneficia
475 3275 752 3367 multiplicantibus
767 3278 986 3367 relinquuntur
998 3277 1120 3346 vicariis
1136 3279 1249 3365 exigue
1265 3279 1445 3366 porciones,
1461 3277 1577 3346 tollunt

259 3363 269 3390 ”
310 3376 413 3451 partes
436 3363 506 3431 laici
528 3367 653 3432 timoris
676 3389 769 3433 causa
791 3365 982 3450 honorandi,
1006 3366 1162 3433 aufferuut
1180 3367 1311 3448 victum,
1335 3365 1446 3454 quibus
1470 3367 1501 3432 in
1527 3390 1577 3433 ec-

253 3449 267 3505 33'
310 3451 412 3519 clesiis
435 3453 483 3518 ius
499 3453 654 3540 competit
676 3463 868 3540 patronatus.
908 3453 1077 3520 Sentencie
1096 3476 1224 3555 quoque
1246 3464 1408 3554 tamquam
1425 3451 1575 3541 quadrige

188 3557 191 3566 ’
258 3545 269 3582 -’
309 3537 418 3606 laicate
446 3537 591 3606 videlicet
619 3541 970 3621 excommunicationis,
998 3539 1167 3621 interdicti,
1195 3562 1423 3626 suspensionis,
1452 3543 1575 3606 cassati-

266 3679 272 3689 .
309 3625 401 3691 onis⁴
416 3623 528 3692 additis
549 3649 565 3692 a
589 3628 813 3713 gravacionum
835 3624 970 3692 stimulis
987 3625 1190 3692 ecclesiarum
1211 3624 1367 3712 stipendia
1382 3625 1574 3694 submovent

309 3722 350 3792 et,
374 3735 455 3800 quos
479 3649 646 3780 offendunt
668 3712 776 3794 laicos,
800 3711 914 3779 faciunt
940 3709 1120 3780 indevotos.
1159 3713 1220 3778 Hic
1244 3736 1312 3779 non
1336 3711 1375 3780 de
1395 3713 1574 3793 Predicato·

307 3797 392 3864 ribus
416 3799 470 3867 sed
487 3795 527 3866 de
542 3799 680 3887 patribus
696 3813 865 3888 querantur
889 3799 953 3880 filii,
978 3801 1031 3888 qui
1048 3797 1123 3866 dum
1147 3823 1346 3879 mucronem,
1362 3809 1431 3888 'quo
1455 3799 1574 3887 piacula

307 3905 498 3967 resecantur,
522 3888 554 3953 in
578 3887 688 3955 hostes
708 3899 913 3974 promovent,
937 3885 980 3953 illi
1004 3887 1166 3954 moraliter
1182 3885 1419 3968 confodiuntur,
1443 3887 1493 3954 isti
1508 3911 1574 3954 rea-

306 3971 376 4039 liter
402 3974 586 4061 spoliantur.
633 3974 715 4062 Sepe
745 3976 851 4054 etiam,
880 3992 913 4040 ut
941 3973 999 4040 alia
1027 3973 1274 4054 dissimulentur,
1301 3972 1389 4060 longi
1419 3977 1573 4062 temporis

306 4060 424 4126 victum
453 4061 485 4126 in
509 4060 745 4129 visitacionibus
769 4061 870 4128 brevis
894 4061 972 4128 hora
995 4060 1141 4128 absumit.
1184 4059 1336 4127 Additur:
1365 4060 1475 4127 fratres
1503 4084 1573 4149 per-

306 4143 447 4229 suadere,
477 4145 563 4236 quod
591 4147 660 4214 laici
685 4149 828 4215 contenti
851 4150 915 4215 sint
938 4148 1141 4216 confessione
1168 4149 1242 4235 ipsis
1265 4147 1355 4229 facta,
1383 4149 1425 4215 ita
1447 4160 1482 4215 ut
1505 4171 1572 4216 non
1636 4194 1638 4199 ·

307 4245 452 4321 oporteat
479 4233 518 4301 ad
541 4233 741 4303 sacerdotem
768 4237 931 4324 proprium
960 4235 1111 4303 accedere
1136 4245 1168 4302 et
1195 4234 1432 4302 confessionem
1452 4237 1572 4303 iterare

307 4334 416 4390 contra
439 4323 626 4410 capitulum:
651 4323 770 4391 Omnis
786 4325 974 4413 utriusque.⁵
1014 4323 1075 4391 Hic
1094 4347 1130 4391 su
1154 4324 1293 4390 ervacuis
1317 4321 1490 4390 laborarem
1514 4321 1571 4390 im-

306 4408 440 4496 pendiis,
456 4410 557 4477 solem
575 4410 687 4478 volens
703 4410 820 4478 facibus
837 4409 997 4479 adiuvare!
1029 4412 1113 4479 Nam
1130 4346 1313 4478 iuiusmodi
1328 4411 1441 4478 susurii
1456 4435 1570 4478 venam

305 4495 418 4565 furtive
448 4522 515 4565 non
538 4499 667 4587 suscipit
690 4500 782 4581 auris,
811 4499 866 4566 sed
890 4497 1068 4587 predicatur
1093 4499 1251 4580 intectis,
1280 4497 1367 4587 quod
1390 4498 1491 4566 semel
1512 4500 1572 4566 rite

306 4585 386 4653 facta
410 4585 568 4654 confessio
599 4611 666 4654 non
694 4589 734 4654 sit
761 4585 911 4654 iteranda.
956 4585 1056 4655 Audit
1079 4587 1316 4654 confessionem
1344 4585 1511 4675 episcopus
1539 4607 1571 4654 et

305 4697 373 4740 non
405 4676 565 4762 repetitur,
593 4675 736 4743 similiter
762 4694 835 4776 post
862 4676 871 4741 i
895 4699 966 4742 suin
997 4675 1145 4743 sacerdos
1176 4675 1336 4762 proprius,
1369 4675 1446 4742 item
1474 4675 1570 4763 ipsius

305 4762 437 4828 vicarius
461 4761 576 4829 horum
600 4786 813 4830 mercenarius
836 4699 893 4830 vel
908 4764 987 4829 socii
1010 4765 1124 4830 annuis
1148 4761 1297 4829 conducti
1320 4760 1493 4849 stipendiis,
1517 4763 1571 4851 qui

304 4850 356 4915 vix
379 4851 412 4916 in
436 4847 547 4916 ordine
571 4851 768 4938 reperiuntur
797 4851 1006 4917 ecclesiastice
1036 4850 1196 4916 ierarchie.
1243 4847 1306 4916 Sed
1330 4873 1397 4916 non
1420 4851 1571 4936 repetitur

356 4971 469 5024 Finito,
490 4971 752 5016 Donilnttranorbilet'e.
1452 4977 1464 5014 ti
