3822 5592
287 1579 289 1584 .
370 1518 388 1584 b

281 553 289 574 Ἀ
373 571 433 634 106
956 582 1052 638 Briefe.
1446 582 1468 651 J.
1491 584 1635 650 1277-81.
1672 591 1674 596 '

368 738 455 828 quod
479 761 578 806 omne
601 736 724 805 donum
752 737 908 805 irredibile
932 737 1099 806 desursum
1122 739 1254 804 veniens
1284 759 1377 824 super
1422 735 1580 824 uiet(um)
1605 756 1636 804 et

369 825 521 904 humilem
531 825 716 914 requiescat.
741 821 830 905 Quid
841 823 946 912 plura?
967 825 1038 891 Nisi
1049 823 1167 890 forcior
1179 825 1389 910 superveniat,
1400 759 1465 889 bec
1475 823 1636 890 sentencia

369 934 442 978 cum
463 909 731 999 Esdratorquem
755 932 940 996 aureamlre
963 909 1077 980 ortabit
1101 921 1132 976 et
1155 907 1238 976 dicet
1262 909 1368 975 omnis
1391 908 1543 995 populus:
1567 907 1635 975 fiat!

369 996 436 1064 fiatl
460 997 515 1064 Set
528 1019 612 1078 ecce,
629 995 716 1085 quod
732 997 792 1064 hec
803 933 1022 1149 (ipamplbcti,
1039 996 1182 1084 quamvis
1198 995 1300 1077 liceat,
1316 1017 1389 1061 curn
1402 1017 1469 1061 non
1482 1016 1521 1061 ex
1544 994 1636 1076 ediat,

369 1095 416 1152 est
444 1085 476 1150 in
500 1106 592 1170 prorn
617 1095 661 1150 tu.
706 1083 791 1151 Nam
815 1084 963 1150 omissis
994 1104 1161 1170 parumper
1190 1078 1303 1149 mediis
1333 1083 1453 1168 primus
1476 1084 1505 1147 A
1529 1104 1581 1148 am
1603 1082 1636 1147 in

369 1182 443 1238 orto
474 1106 699 1257 temptabatur,
733 1167 890 1238 secundus
923 1169 1025 1236 Adam
1060 1171 1092 1234 in
1125 1179 1197 1236 orto
1229 1167 1422 1249 tradebatur,
1455 1188 1488 1234 ut
1521 1169 1636 1236 nterito

369 1258 562 1344 posteriores
584 1255 653 1325 fore
678 1255 812 1324 debeant
836 1279 874 1323 ex
897 1257 1010 1343 agnitis
1034 1255 1179 1343 periculis
1203 1256 1373 1322 cauciores.
1409 1253 1460 1322 Ad
1484 1255 1636 1322 boccum

368 1345 455 1413 venti
482 1367 550 1410 non
583 1343 688 1411 solum
717 1366 735 1410 e
769 1342 851 1410 dulci
879 1343 1056 1410 meridiano
1090 1354 1138 1410 set
1166 1365 1183 1409 e
1211 1343 1344 1429 regione
1377 1342 1494 1410 deserti
1521 1341 1571 1411 vel
1599 1341 1637 1410 ab

369 1455 386 1498 a
409 1431 527 1514 ullone,
550 1430 636 1498 unde
652 1453 751 1498 omne
766 1430 885 1498 malum
901 1430 1057 1518 panditur,
1079 1429 1274 1518 frequentius
1290 1428 1514 1518 producantur,
1537 1431 1638 1517 possi-

387 1455 429 1585 ile
444 1517 545 1600 lieret,
566 1519 624 1584 IIII
639 1517 772 1604 angulos
792 1517 908 1586 domus
925 1519 1052 1584 concuti
1069 1529 1100 1584 et
1116 1516 1155 1584 de
1178 1529 1265 1584 tecto
1288 1517 1495 1584 carbunculos
1514 1516 1636 1598 cadere,

369 1606 423 1695 qui
446 1605 515 1674 illisi
538 1604 717 1672 sedentium
734 1604 885 1758 capitibus
908 1604 948 1672 de
972 1603 1071 1672 oculis
1094 1603 1199 1672 radios
1222 1606 1335 1691 igneos
1352 1602 1563 1672 exsufflarent.
1599 1605 1637 1671 Et

370 1715 443 1759 cum
459 1714 593 1779 vapores
616 1694 710 1760 terrei
733 1693 765 1758 in
791 1693 924 1759 rmantia
947 1711 1087 1758 reumata
1108 1703 1287 1779 procreent,
1311 1690 1416 1758 utilius
1439 1703 1523 1760 esset
1541 1715 1635 1780 quam

369 1777 569 1866 fraglanciam
603 1779 717 1846 florum
752 1780 868 1846 sentire
906 1777 1021 1852 olfactu
1053 1777 1253 1865 fraglanciam
1292 1779 1392 1846 thuris
1429 1780 1460 1845 in
1497 1779 1637 1868 exequiis

369 1878 581 1933 mortuorum.
629 1867 781 1933 Ceterum
804 1889 877 1934 cum
901 1866 989 1932 locus
1009 1877 1114 1933 vester
1136 1865 1199 1932 hoc
1222 1865 1419 1952 privilegium
1444 1887 1500 1952 pre
1523 1867 1636 1932 ceteris

370 1964 537 2032 mereatur,
561 1966 596 2020 ut
611 1951 653 2018 ibi
668 1951 820 2018 filomene
836 1963 970 2032 taceant,
993 1973 1133 2038 passeres
1147 1951 1348 2036 singultiant,
1372 1953 1459 2018 corvi
1475 1953 1636 2031 cracitent,

370 2039 479 2106 noctui
491 2037 633 2120 stridant,
650 2038 746 2104 cicius
758 2037 799 2103 ibi
812 2035 1000 2105 cocodrillus
1013 2060 1107 2125 quam
1120 2035 1270 2104 caladrius
1286 2036 1453 2118 audiretur,
1469 2049 1635 2124 postremo

369 2123 455 2192 mille
471 2147 649 2191 muscarum
668 2125 810 2191 examina
825 2125 858 2190 in
881 2123 1002 2211 templo
1018 2143 1125 2191 vestro
1141 2125 1236 2190 sacris
1259 2141 1391 2205 assueta,
1414 2124 1459 2190 sic
1474 2135 1508 2190 ut
1529 2125 1635 2211 scopis

370 2224 401 2278 et
422 2210 551 2278 flabellis
575 2211 657 2298 abigi
680 2223 839 2299 nequeant
855 2210 892 2276 ab
915 2210 1012 2292 altari,
1037 2234 1109 2278 curn
1126 2209 1282 2277 beneficio
1305 2212 1459 2298 temporis
1483 2209 1520 2276 ad
1545 2232 1634 2276 auras

369 2298 531 2365 liberiores
554 2298 678 2366 avolare
702 2300 842 2385 ceperint
874 2296 1024 2386 cibosque
1048 2298 1255 2385 propositos²
1286 2299 1480 2364 invenerint:
1511 2296 1632 2363 bonum

370 2405 416 2453 est
435 2408 496 2452 nos
519 2385 570 2452 hic
587 2408 666 2467 esse,
690 2387 843 2474 inquient,
867 2385 1034 2467 exinanite,
1059 2385 1226 2466 exinanite,
1251 2407 1324 2451 curn
1347 2384 1509 2450 sororibus
1525 2406 1634 2450 corne-

369 2472 480 2541 damus
496 2485 528 2542 et
547 2471 701 2555 bibamus,
724 2473 910 2541 suavitatem
926 2472 1094 2560 perdamus
1109 2472 1275 2574 unguenti,
1300 2494 1366 2538 cras
1383 2472 1502 2539 etenim
1518 2472 1635 2538 morie-

369 2563 453 2628 mur!
500 2561 594 2640 Esto,
623 2560 721 2628 bestie
750 2571 833 2628 terre
862 2559 991 2647 pacifice
1021 2558 1111 2627 vobis
1140 2579 1217 2639 sint,
1248 2579 1281 2626 ut
1312 2561 1467 2641 maiorum
1496 2561 1635 2625 incursio

369 2671 436 2715 non
453 2649 628 2730 contristet,
652 2649 721 2736 quis
744 2671 872 2714 securus
895 2646 987 2714 faciet
1003 2646 1062 2714 de³
1082 2645 1214 2713 formica
1238 2646 1355 2712 scilicet
1378 2659 1499 2728 urente,
1524 2669 1635 2712 aranea

370 2753 527 2816 currente,
551 2735 649 2802 culice
665 2735 852 2803 terebrante.
887 2735 956 2801 Hiis
980 2736 1108 2822 insuper
1124 2733 1367 2821 quiescentibus,
1392 2757 1463 2800 cum
1482 2731 1634 2800 dixeritis:

368 2843 428 2908 pax
452 2833 483 2888 et
506 2822 665 2902 securitas;
689 2833 765 2888 tunc
788 2821 971 2908 repentinus
995 2823 1090 2886 irruet
1113 2819 1206 2886 frater
1223 2821 1412 2905 Mengozus,
1436 2842 1635 2886 murmurans

368 2907 505 2994 plriscus,
550 2906 616 2974 uod
638 2929 711 2972 rore
734 2905 857 2973 calceos
881 2904 1110 2987 destruxeritis,
1133 2906 1264 2992 irrugiet
1286 2904 1429 2972 Alheidis
1452 2905 1491 2972 de
1512 2907 1635 2991 Argen-

368 2995 443 3076 tina‚
467 2930 553 3084 quod
569 2993 700 3060 humare
715 3004 820 3062 vestes
836 2992 1016 3074 infeceritis,
1032 2993 1190 3080 priorissa,
1208 2990 1295 3080 quod
1311 3015 1476 3080 perperam
1490 2993 1634 3078 egeretis,

368 3080 476 3148 verbis
500 3092 532 3148 et
553 3080 735 3150 verberibus
762 3079 919 3148 iudicabit.
966 3081 1050 3148 Cum
1079 3081 1174 3168 igitur
1202 3080 1340 3162 cunctis,
1370 3081 1424 3169 qui
1446 3078 1523 3146 foris
1551 3091 1635 3160 sunt,

368 3181 433 3238 tatn
457 3167 619 3258 multiplex
644 3192 682 3238 ve
705 3168 834 3251 dicatur,
858 3168 1003 3250 consulo,
1031 3167 1118 3258 qnod
1142 3168 1200 3235 hec
1223 3168 1399 3256 postulacio
1423 3191 1488 3234 non
1513 3165 1634 3248 adiciat,

369 3268 403 3324 ut
426 3276 577 3344 resurgat.
624 3258 796 3324 Moramini
820 3258 852 3323 in
875 3255 1082 3324 foraminibus
1105 3267 1192 3344 petre
1217 3267 1248 3323 et
1272 3256 1304 3324 in
1325 3257 1466 3324 cavernis
1490 3256 1634 3336 macerie,

369 3345 617 3427 sicutturtures,
641 3367 702 3433 que
724 3345 854 3418 thorum
871 3345 1016 3411 nesciunt
1040 3345 1071 3410 in
1088 3343 1215 3425 delicto,
1239 3345 1396 3410 arenciam
1421 3345 1522 3431 magis
1541 3367 1635 3431 quam

369 3432 543 3512 virenciam
564 3433 740 3518 requiratis!
787 3431 909 3498 Valete.
1109 3473 1117 3500 s

476 3611 484 3640 ¹
503 3603 620 3672 garbitus
639 3602 691 3656 HS.
765 3609 775 3640 ··'
794 3603 951 3674 prepositos.
974 3575 976 3579 Ι
1026 3601 1133 3671 ⁸l-'olgt
1152 3603 1194 3655 ein
1215 3603 1319 3656 schwer
1339 3603 1455 3656 lesbares
1475 3603 1560 3656 Wort.

474 3757 530 3812 Fol.
545 3773 568 3812 a.
606 3759 656 3811 Die
676 3759 730 3812 Zeit
749 3757 797 3812 des
818 3758 1005 3811 humoristisclr
1025 3759 1229 3828 angehauchtcn
1242 3758 1400 3812 Schrelbens
1414 3759 1480 3811 wlrd
1499 3759 1636 3811 bestimmt

369 3827 451 3899 durch
474 3845 520 3898 das
547 3855 617 3899 erste
636 3845 811 3899 Provinzialat
831 3845 953 3899 Konrads
978 3862 1032 3898 von
1051 3845 1196 3915 Efslingen.
1235 3835 1308 3898 Uber
1330 3844 1478 3915 Mengozus
1502 3845 1573 3898 steht
1596 3845 1635 3898 als

367 3931 545 4002 Erlduterung
579 3941 666 4000 sutor,
696 3933 738 3986 bei
765 3931 886 3985 Albeidis
921 3933 1050 3986 vestiaria.
1101 3923 1174 3986 Uber
1201 3932 1247 3984 das
1276 3932 1384 3984 Kloster
1416 3931 1469 4001 vgl.
1500 3931 1634 4002 Remling‚

370 4017 478 4072 Kloster
495 4019 521 4071 in
541 4019 719 4072 Rheinbaiern
738 4019 758 4086 l,
784 4032 834 4089 149
852 4018 879 4072 ff.
916 4019 1083 4073 Wiederholt
1106 4017 1196 4072 finden
1215 4019 1271 4072 sich
1295 4020 1321 4071 in
1341 4018 1387 4072 der
1407 4017 1457 4072 HS.
1478 4017 1564 4072 Briefe
1587 4018 1635 4072 des

370 4103 600 4176 Ordensgenerals
629 4107 765 4177 Johannes
796 4105 849 4158 und
880 4106 1083 4158 verschiedener
1110 4105 1364 4176 Provinzialprioren
1397 4123 1430 4158 an
1462 4105 1504 4158 die
1533 4106 1635 4176 Priorin

369 4191 528 4263 S(apientia)
552 4191 605 4245 und
630 4192 672 4246 die
691 4192 862 4246 Sclrwestern
886 4193 931 4260 (so
951 4191 1006 4246 Ful.
1026 4192 1050 4258 8,
1074 4209 1099 4264 9,
1121 4205 1170 4258 ¹04
1190 4191 1219 4260 s.)
1239 4191 1291 4245 und
1315 4209 1348 4244 an
1367 4191 1461 4245 nobilis
1480 4192 1595 4266 domina¹
1609 4200 1634 4245 et

368 4265 482 4333 honesta
502 4279 534 4332 de
554 4279 723 4349 Bol(anden),
744 4279 965 4334 wahrscheinliclr
984 4279 1077 4350 Agnes
1097 4297 1149 4335 von
1169 4278 1313 4334 Bolauden.

976 4435 1028 4505 84.

431 4545 434 4556 ’
474 4541 542 4607 Der
558 4542 735 4629 Prminqial
749 4543 815 4608 und
827 4545 890 4622 sein
911 4541 1051 4608 Vikariru
1064 4541 1165 4630 geben
1182 4543 1396 4631 Vorschrifteu,
1419 4542 1533 4608 welche
1549 4542 1635 4608 Frei-

368 4627 464 4694 heitcn
488 4627 597 4695 Lektor
619 4629 683 4696 trud
707 4629 902 4696 Studierende
922 4630 1075 4718 geniessen
1098 4629 1203 4695 sollen.
1252 4626 1329 4718 (Um
1356 4629 1465 4718 1278.)

474 4732 537 4798 Pro
559 4732 756 4802 studentibus
772 4735 891 4801 arcium
938 4733 1114 4800 rovincialis
1132 4745 1162 4800 et
1178 4735 1245 4800 eius
1260 4735 1403 4802 vicarius.
1441 4733 1483 4800 Ut
1501 4732 1633 4800 modum

369 4819 538 4901 noveritis,
573 4819 746 4888 secundum
782 4843 877 4908 quern
912 4757 1039 4886 lintrem
1072 4871 1079 4886 .
1105 4871 1114 4886 .
1146 4820 1299 4888 lecturum
1338 4832 1419 4886 artes
1461 4843 1533 4886 cunt
1571 4822 1635 4888 suis
