3828 5590
308 597 330 667 J.
353 611 427 665 1270.
895 595 990 650 briele.

918 751 968 817 33.

415 873 482 938 Der
505 871 682 956 l'covinziul
704 871 831 936 schreibt
856 872 912 936 den
933 869 1263 938 Ordeusstudicrcudeu
1287 873 1319 937 in
1342 871 1480 958 Bologna
1503 871 1577 936 tiber

311 958 488 1045 Accsnubmc
509 981 567 1024 von
591 958 739 1043 Noviren.
787 955 865 1046 (Vor
891 957 1000 1045 1270.)

414 1061 617 1131 Studentibus
633 1063 781 1128 Bononie
797 1061 1008 1149 provincialis.
1050 1063 1137 1130 Sicut
1152 1064 1257 1150 sepius
1273 1073 1377 1130 vestre
1394 1063 1576 1150 scripsimus

316 1152 442 1233 caritati,
465 1152 507 1218 ita
523 1173 607 1216 nunc
624 1147 735 1216 eadem
752 1149 949 1237 replicamus,
971 1148 1448 1218 vestramcommonefaciendo
1469 1147 1577 1217 soller-

312 1241 384 1305 tiam
400 1239 594 1326 presentium
617 1260 673 1324 per
689 1249 837 1304 tenorem
861 1261 897 1305 ro
922 1249 1011 1305 antes
1028 1257 1058 1306 et
1076 1262 1149 1305 cum
1166 1237 1360 1326 benignitate
1376 1236 1575 1320 mandantes

312 1345 462 1415 quatenus
485 1327 518 1394 in
541 1324 729 1413 recipiendis
752 1326 880 1392 novitiis
899 1261 985 1392 hanc
1002 1326 1138 1393 formam
1162 1327 1307 1409 teneatis,
1330 1324 1418 1416 quod
1441 1326 1516 1413 ipsis
1536 1323 1575 1392 de

313 1414 369 1480 hiis
393 1411 648 1495 condicionibus,
681 1412 776 1479 nichil
800 1412 895 1482 desit:
927 1414 996 1481 Sint
1026 1413 1140 1496 sortes,
1171 1415 1284 1502 parati,
1314 1413 1438 1481 litterati
1462 1413 1512 1481 vel
1543 1415 1575 1480 in

311 1501 389 1570 loica
412 1501 462 1570 vel
485 1503 605 1589 injure
629 1512 867 1589 competenter,
897 1503 1043 1590 provise,
1075 1513 1199 1570 utnon
1232 1503 1376 1590 personis
1400 1500 1440 1568 de
1463 1500 1575 1569 ordine

309 1602 356 1658 set
373 1614 428 1678 per
450 1613 601 1679 personas
618 1587 722 1656 ordini
739 1590 778 1656 sit
797 1591 971 1678 provisum.
1005 1591 1164 1678 Receptos
1180 1609 1285 1657 autem
1304 1609 1334 1656 et
1350 1588 1484 1677 prefatas
1500 1613 1576 1657 con·

310 1676 452 1744 diciones
484 1677 635 1744 habentes
665 1677 769 1742 locare
800 1678 944 1764 poteritis
976 1677 1007 1742 in
1041 1676 1193 1766 aliquibus
1224 1676 1434 1745 conventibus
1465 1688 1576 1743 nostre

330 1765 471 1831 rovincie
494 1765 678 1830 auctoritate
695 1782 813 1844 nostra,
838 1762 941 1830 donec
966 1787 1021 1851 per
1038 1788 1098 1831 nos
1121 1763 1210 1830 aliter
1226 1763 1426 1851 provideatur
1443 1761 1574 1830 eisdem.

308 1789 346 1918 bt
363 1863 538 1918 conventus
559 1849 612 1932 illi,
635 1848 674 1916 ad
691 1875 772 1938 quos
793 1852 919 1917 mittere
937 1851 1148 1932 decreveritis,
1170 1874 1226 1917 eos
1243 1851 1382 1938 recipere
1398 1861 1574 1916 teneantur.

349 1981 361 1985 ··
378 1981 382 1986 '
399 1981 469 2078 'Fe->l
492 1981 531 2094 3-4.
548 1981 717 2094 *Dattierung
736 2025 804 2077 nach
824 2024 869 2076 der
889 2024 1018 2094 Stellung.

915 2195 966 2264 st.

414 2322 540 2411 Bischus
567 2322 627 2388 Lm
660 2345 718 2388 stou
747 2320 955 2409 chcushurg,
992 2322 1197 2387 Kuruccvutor
1226 2322 1279 2386 der
1306 2321 1491 2408 Priuilegicu
1527 2321 1577 2385 des

309 2409 653 2490 llurut'uilcuucrordcus,
673 2409 797 2498 sordeat
820 2410 876 2475 deu
901 2410 1032 2498 Psurrer
1054 2432 1112 2475 cusu
1137 2408 1308 2498 Franlrsurt
1331 2409 1484 2496 cicergisch
1508 2411 1575 2496 uiis,

309 2522 366 2563 stou
390 2497 598 2585 Krciuhrngeu
622 2499 675 2564 det·
698 2497 920 2564 Duminileuuct·
943 2498 1134 2584 abacistclteu
1182 2495 1260 2586 (Vor
1285 2497 1394 2587 1270.)

416 2603 483 2668 Leo
515 2603 682 2690 episcopus
706 2603 945 2689 Ratisponensis
975 2601 1109 2690 plebano
1138 2604 1170 2668 in
1199 2600 1444 2668 Frankenvorde
1470 2653 1476 2666 .
1503 2653 1509 2666 .
1535 2652 1541 2666 .
1568 2653 1575 2666 .

311 2690 391 2769 Nos,
417 2741 423 2755 .
447 2743 479 2756 ..
504 2691 557 2778 qui
581 2713 619 2756 ex
635 2689 760 2778 speciali
784 2688 1135 2790 mandatotapostolico
1160 2743 1167 2756 .
1193 2742 1200 2755 .
1227 2742 1233 2754 .
1257 2688 1366 2774 judicis
1389 2712 1424 2754 ac
1449 2711 1576 2754 conset·

311 2777 426 2842 vatoris
454 2799 623 2862 personam
648 2778 803 2862 gerimus,
832 2778 1048 2842 intencionem
1074 2796 1209 2843 vestram
1235 2795 1347 2842 tenore
1362 2776 1575 2926 presencium

311 2863 497 2941 excitatnuS,
529 2872 562 2927 ut
587 2873 746 2948 tamquam
773 2914 780 2926 .
806 2914 812 2927 .
839 2914 846 2926 .
878 2861 958 2927 bene
989 2873 1149 2928 sensatum
1179 2885 1244 2926 non
1277 2863 1358 2947 stupi
1384 2883 1437 2925 utu
1466 2859 1576 2925 intelli-

309 2947 404 3032 gatis,
435 2946 509 3035 quid
540 2971 598 3014 vos
627 2970 721 3034 agere
750 2946 858 3014 deceat
886 2947 943 3012 sub
974 2949 1074 3034 capite
1102 2948 1302 3014 sanctissimo
1331 2957 1362 3012 et
1391 2946 1428 3012 ab
1457 2946 1575 3011 iniuriis

308 3030 437 3100 fratrum
461 3035 586 3120 penitus
610 3035 791 3122 quiescatis;
815 3035 966 3121 irrogatas
990 3046 1095 3101 autem
1121 3035 1272 3101 hactenus
1297 3035 1304 3099 i
1330 3035 1371 3099 sis
1395 3034 1520 3118 injurias
1534 3040 1575 3098 'et

308 3143 404 3206 penas
432 3144 470 3186 ex
498 3119 670 3202 laboribus,
701 3144 781 3208 quos
810 3120 1004 3208 pertulerunt
1033 3119 1072 3188 ad
1100 3144 1161 3187 nos
1184 3057 1344 3188 veniendo
1369 3132 1478 3187 contra
1506 3143 1575 3202 vos,

309 3206 541 3274 dissimulamus
564 3209 648 3295 pacis
671 3209 785 3295 gracia,
810 3231 903 3296 quam
929 3209 1010 3274 inter
1032 3210 1119 3295 ipsos
1144 3227 1174 3275 et
1190 3232 1248 3274 vos
1273 3231 1360 3274 novo
1385 3206 1491 3274 ledere
1507 3229 1576 3294 per·

308 3296 449 3382 cepimus
472 3294 652 3363 inchoatam
678 3349 685 3362 .
712 3349 718 3362 .
745 3349 751 3362 .

413 3472 469 3526 Pol.
492 3483 557 3541 5ov.
594 3473 651 3526 Leo
670 3474 785 3544 regierte
805 3489 857 3526 son
880 3471 1060 3541 1262—1277.
1093 3473 1150 3525 Nur
1169 3473 1211 3526 die
1226 3473 1281 3525 Zeit
1301 3471 1513 3540 vor1270hann
1533 3471 1575 3523 bei

309 3560 355 3613 der
373 3560 494 3632 Stellung
512 3561 559 3614 des
579 3560 679 3614 Brieles
699 3561 725 3614 in
744 3561 868 3614 Betracht
890 3560 1027 3615 hommen.
1067 3559 1133 3614 1262
1153 3579 1209 3613 savar
1235 3561 1261 3613 in
1280 3559 1417 3612 Franhsurt
1444 3559 1490 3611 das
1510 3559 1575 3611 Pro-

309 3647 512 3719 vinzialhapitel;
532 3648 585 3718 vgl.
605 3648 850 3714 libaner-Bbchner,
871 3647 959 3718 Sicgel
980 3646 1027 3700 der
1046 3647 1119 3700 Stadt
1140 3647 1276 3700 Franhsurt
1296 3647 1321 3701 S.
1344 3647 1383 3715 38.

911 3838 962 3906 35.

414 3961 573 4027 Schreihen
601 3963 650 4027 des
678 3962 869 4050 Errbisrboss
905 3961 1035 4027 Thomas
1062 3962 1098 4026 dc
1127 3962 1254 4027 Lentino
1281 3984 1339 4027 vau
1370 3961 1504 4045 Cusenra
1534 3982 1575 4026 ara

307 4048 362 4112 das
388 4048 635 4136 Genu-altipert
657 4073 695 4135 au
720 4049 868 4114 Mailaad
890 4047 1017 4139 (1270).

413 4152 606 4220 Reverendis
630 4155 661 4219 in
687 4153 816 4221 Christo
840 4151 978 4240 patribus
1001 4154 1156 4219 utnversis
1179 4151 1322 4219 iratribus
1345 4151 1427 4239 apud
1450 4149 1576 4218 Medio-

308 4239 412 4306 lanum
431 4241 461 4306 in
487 4241 625 4327 generali
643 4239 778 4328 capitulo
801 4241 1002 4328 congregatis
1018 4239 1112 4306 frater
1124 4239 1307 4329 T(homas)
1324 4237 1363 4305 de
1379 4237 1574 4327 Lenten(o)‚

310 4325 438 4394 ecclesie
467 4329 643 4396 Cusentine
675 4329 819 4395 minister
851 4326 1016 4414 indignus,
1046 4327 1179 4394 salutem
1211 4339 1243 4394 et
1269 4328 1478 4393 reverentiam
1510 4337 1576 4392 tam

310 4413 443 4482 debitam
469 4439 563 4504 quam
588 4415 747 4482 devotam.
794 4416 941 4482 Mensam
966 4416 1043 4481 tanti
1073 4415 1227 4502 generalis
1251 4414 1376 4515 collegii
1405 4436 1576 4480 numerosa

310 4502 540 4591 sollempnitate
555 4503 714 4585 decorant,
740 4505 825 4591 cujus
842 4503 993 4570 festivitas
1010 4504 1160 4569 convivas
1176 4502 1216 4569 de
1233 4500 1363 4569 diversis
1380 4499 1491 4568 mundi
1507 4523 1575 4588 par-

310 4591 390 4658 tibus
414 4590 559 4657 celebrari
583 4615 669 4657 sacra
693 4593 879 4659 invitatione
903 4589 941 4656 ad
958 4589 1176 4657 Mediolanum
1202 4613 1302 4677 nuper
1325 4600 1483 4656 convocat
1502 4589 1575 4654 civi·

311 4691 424 4759 tatem,
452 4678 563 4744 absens
588 4679 782 4745 Cusentinus
811 4680 972 4758 minister,
1001 4679 1120 4743 utinam
1147 4700 1214 4743 non
1237 4695 1381 4743 remotus
1409 4674 1575 4762 spiritualis

311 4765 446 4832 karitatis
469 4765 636 4832 affectione
660 4766 848 4852 contingit‚¹
872 4767 979 4852 etqui
1012 4764 1119 4830 locum
1143 4765 1176 4828 in
1200 4787 1236 4830 ea
1260 4763 1465 4850 corporaliter
1494 4763 1576 4827 inter

313 4851 545 4920 discumbentes
580 4853 628 4920 vel
660 4854 870 4918 novissimum
906 4853 1036 4918 sinceris
1064 4851 1294 4938 amplexaretur
1327 4848 1503 4933 effectibus,
1537 4848 1575 4914 ad
