3822 5592
315 613 434 682 hm
625 599 628 604 ’
904 609 998 664 ML
1522 613 1608 678 ηφ

316 769 427 847 acrius,
451 765 512 832 boc
530 766 687 852 perturbat
707 766 911 854 frequentius,
935 767 997 832 hoc
1014 767 1160 832 molestat
1179 767 1401 852 importunius,
1426 767 1523 854 quod,
1548 779 1581 832 ut

317 849 497 940 scripsistis,
525 875 581 938 per
604 852 840 918 consessionem
869 875 980 938 purant
1004 876 1071 917 non
1095 853 1228 938 potestis
1257 853 1289 916 in
1312 850 1403 917 vobis
1427 851 1579 938 placidam

318 962 425 1027 parare
459 937 592 1006 domino
627 940 838 1005 mansionem.
894 939 986 1004 Sacre
1024 939 1261 1005 communionis
1293 960 1409 1024 panem
1446 938 1580 1025 parvulis

319 1025 497 1112 petentibus
521 1049 618 1091 nemo
642 1025 707 1092 sran
734 1027 767 1106 it,
791 1049 849 1113 pro
865 1024 955 1090 vobis
980 1037 1011 1092 et
1034 1025 1100 1090 aliis
1125 1043 1277 1091 consueta
1300 1048 1367 1090 non
1390 1026 1581 1110 permittitur

317 1139 355 1178 ex
386 1113 443 1178 ltac
470 1111 538 1177 luce
572 1049 777 1199 migrantibus
808 1112 980 1198 sepultura,
1012 1113 1178 1178 missarum
1209 1110 1411 1197 sollempnia,
1443 1134 1579 1198 quorum

317 1200 469 1286 suffragiis
494 1197 597 1264 divina
620 1199 757 1286 placetur
780 1197 973 1286 indignatio,
1006 1223 1071 1264 non
1102 1197 1214 1264 auditis
1239 1210 1283 1279 et,
1314 1196 1399 1286 quod
1425 1209 1471 1264 est
1501 1200 1581 1286 peri-

317 1287 469 1369 culosius,
507 1288 771 1354 excommunicati
806 1311 840 1353 se
873 1286 962 1353 vobis
1002 1288 1151 1374 ingerunt
1183 1287 1383 1352 incessanter.
1439 1287 1489 1352 De
1522 1287 1581 1353 lriis

317 1377 446 1441 mirarer
476 1386 508 1441 et
534 1375 672 1442 turbarer
700 1375 940 1456 vehemencitu,
972 1375 997 1440 si
1028 1397 1083 1462 per
1111 1373 1228 1440 litteras
1259 1374 1412 1440 karissimi
1443 1374 1519 1440 mihi
1548 1376 1579 1440 in

318 1463 446 1530 Christo
470 1462 668 1550 provincialis
685 1464 791 1544 vestri,
816 1485 891 1550 quas
916 1461 1035 1528 dudum
1051 1461 1142 1528 vobis
1166 1463 1260 1543 misit,
1285 1485 1351 1528 non
1369 1485 1471 1528 essem
1494 1461 1581 1529 aliter

317 1551 512 1632 informatus,
537 1575 610 1616 narn
634 1549 829 1640 quarundam
853 1549 979 1616 audacia
1003 1574 1155 1616 concesse
1171 1549 1261 1616 vobis
1284 1550 1384 1636 gratie
1407 1549 1580 1616 commoda

316 1638 474 1705 breviavit.
521 1639 725 1726 Quapropter
754 1638 859 1704 multis
889 1639 1091 1718 intermissis,
1124 1661 1185 1725 que
1210 1636 1269 1702 dici
1293 1636 1342 1703 vel
1371 1637 1462 1703 scribi
1486 1636 1580 1704 lacius

317 1725 446 1792 latitudo
471 1726 609 1812 exigeret
638 1727 788 1807 caritatis,
821 1724 926 1792 habito
951 1749 1021 1791 cum
1053 1724 1201 1812 spirituali
1231 1735 1318 1811 patre
1340 1736 1447 1791 vestro
1475 1727 1580 1812 priore

316 1810 496 1898 provinciali
520 1813 671 1893 consiliu,
696 1814 747 1900 qui
772 1813 897 1893 vestris,
922 1814 1002 1878 sicut
1025 1814 1056 1877 in
1081 1812 1211 1878 veritate
1236 1813 1393 1898 comperi,
1418 1815 1581 1900 oportuni-

315 1899 427 1966 tatibus
451 1898 573 1966 assidue
598 1899 781 1986 impendere
798 1912 829 1965 et
852 1897 1131 1987 superimpendere
1148 1910 1195 1964 est
1218 1910 1352 1985 paratus,
1376 1897 1465 1964 vobis
1486 1899 1580 1965 nichil

316 1988 445 2066 borum,
470 2010 531 2073 que
555 1989 601 2052 ius
626 1986 773 2054 concedit
798 2011 971 2053 comnmne
995 1999 1047 2053 aut
1070 1985 1267 2073 privilegium
1293 1985 1413 2052 ordinis
1437 1985 1581 2072 speciale,

315 2074 421 2139 :tulero
447 2074 493 2138 vel
526 2073 636 2140 aulerri
663 2074 752 2154 volo,
781 2073 836 2139 secl
861 2076 969 2139 omnia
1001 2087 1029 2139 et
1060 2073 1180 2159 singula
1209 2072 1299 2138 vobis
1329 2074 1449 2156 integra
1479 2097 1580 2138 serva-

316 2161 439 2226 buntur.
486 2159 536 2225 lld
568 2161 629 2226 ltoc
663 2160 746 2226 illum
782 2159 961 2240 articulum,
995 2163 1046 2248 qui
1080 2161 1179 2246 ntagis
1211 2157 1372 2224 videbatur·
1405 2157 1579 2246 aliquorum

316 2245 431 2313 iudicio
465 2247 681 2336 scrupulosuS,
714 2247 859 2314 videlicet
913 2247 977 2314 uod
1016 2246 1163 2334 capellani
1195 2248 1290 2312 vestri
1323 2247 1353 2310 in
1388 2247 1581 2312 necessitatis

316 2334 445 2402 articulo
475 2335 564 2401 vobis
600 2335 819 2423 exltibere(n)t
850 2273 1057 2402 ecilesiastica
1090 2347 1299 2414 sacramenta,
1335 2335 1378 2399 sic
1410 2332 1580 2421 elargatunt

317 2425 456 2510 accipite,
480 2435 514 2490 ut
538 2425 596 2490 hec
621 2425 789 2490 necessitas
814 2448 879 2490 non
904 2425 943 2490 sit
967 2423 1070 2490 solum
1096 2423 1241 2490 instantia
1265 2423 1388 2503 mortis,
1412 2420 1580 2489 sedetiam

317 2513 554 2597 persecutionis,
578 2535 633 2598 per
650 2535 744 2600 quam
768 2513 922 2598 percussis
939 2511 1114 2598 pastoribus
1131 2510 1354 2596 disperguntur
1371 2533 1448 2576 oves
1464 2511 1579 2596 gregis,

318 2601 507 2684 interpretor
537 2622 573 2664 ca
596 2598 752 2680 libertate,
783 2623 842 2686 qua
874 2599 1034 2686 privilegia
1058 2599 1234 2685 principum
1264 2596 1438 2684 largissime
1467 2620 1581 2664 couce-

318 2685 442 2751 duntur.
490 2686 616 2752 Omnes
649 2687 743 2773 igitur
774 2685 966 2773 capellanos,
997 2709 1077 2773 quos
1102 2683 1221 2751 habetis
1244 2683 1294 2749 vel
1317 2683 1485 2765 babebitis,
1516 2685 1581 2750 sive

318 2772 437 2838 ordinis
472 2771 578 2839 habitu
614 2773 800 2855 induantur,
843 2775 909 2840 sive
947 2771 1093 2840 incedant
1133 2770 1256 2838 decenti
1292 2770 1398 2837 habitu
1439 2771 1581 2852 clericali,
1607 2854 1620 2860 -

318 2857 495 2924 dummodo
519 2862 582 2925 vite
606 2860 740 2926 honeste
772 2862 833 2926 sint
858 2872 889 2926 et
913 2861 1073 2946 opinionis
1096 2858 1196 2939 bone,
1228 2857 1370 2945 equalem
1395 2860 1427 2922 in
1450 2857 1580 2943 singulis

317 2945 455 3012 claustris
478 2946 621 3033 singulos
646 2947 759 3014 babere
783 2947 857 3013 volo
890 2958 1078 3034 potestatem
1109 2948 1140 3013 in
1167 2943 1345 3012 exhibendo
1369 2943 1459 3010 vobis
1484 2944 1582 3011 eccle-

316 3034 437 3100 siastica
460 3046 664 3102 sacramenta.
700 3034 798 3102 lidem
825 3035 973 3123 capellani
999 3033 1216 3102 consessiones
1234 3045 1351 3100 vestras
1374 3031 1511 3114 audiant,
1535 3045 1582 3100 set

316 3147 373 3189 vos
398 3177 405 3189 .
432 3177 438 3190 .
468 3125 616 3210 priorisse
640 3123 795 3204 videritis,
827 3123 954 3214 quando
979 3135 1009 3190 et
1033 3122 1200 3214 quomodo
1229 3123 1287 3188 rite
1311 3121 1372 3188 frat.
1420 3122 1582 3210 Sepeliatis

316 3223 433 3280 vestras
456 3236 582 3280 sorores
614 3214 643 3279 in
669 3213 810 3295 silentio,
842 3212 881 3282 de
911 3214 977 3280 aliis
1001 3237 1077 3280 vero
1106 3211 1211 3295 licite,
1243 3209 1329 3301 quod
1360 3211 1406 3278 ius
1430 3213 1581 3300 permittit

316 3301 364 3368 vel
388 3303 513 3391 antiqua
538 3304 569 3368 in
588 3304 711 3371 civitate
727 3305 954 3392 Argentinensi
979 3303 1115 3370 obtinuit
1132 3299 1341 3369 consuetude.
1377 3301 1475 3368 Misse
1493 3300 1581 3367 vobis

316 3390 468 3478 legantur,
493 3393 640 3479 quotiens
657 3417 714 3458 vos
740 3446 746 3458 .
773 3447 778 3458 .
805 3395 951 3478 priorisse
969 3391 1140 3472 volueritis,
1165 3391 1264 3456 ianuis
1287 3401 1392 3455 tamen
1419 3389 1529 3455 clausis
1552 3410 1581 3455 et

317 3478 449 3543 exclusis
466 3482 748 3546 excomtmmicatis
765 3491 796 3546 et
820 3479 1002 3560 interdictis,
1025 3479 1112 3545 salvo
1137 3490 1242 3544 tamen
1261 3476 1381 3542 ordinis
1406 3477 1581 3564 privilegiu,

316 3564 402 3652 quod
426 3589 494 3631 non
518 3567 621 3632 solum
647 3567 753 3646 nobis,
785 3579 833 3632 set
857 3569 950 3632 etiam
982 3568 1098 3632 nostris
1122 3563 1376 3652 procuratoribus
1401 3587 1435 3629 ac
1466 3565 1581 3630 nostris

316 3651 518 3718 servitoribus
543 3666 589 3720 est
619 3654 791 3733 indultum,
823 3678 895 3719 nam
926 3653 965 3719 illi
991 3652 1113 3719 admitti
1137 3663 1286 3738 poterunt
1311 3650 1348 3716 ad
1372 3650 1490 3732 divina,
1523 3653 1581 3716 nisi

316 3738 540 3806 interdicantur
563 3741 736 3826 specialiter
760 3741 808 3807 vel
833 3764 957 3806 causam
983 3739 1126 3805 dederint
1158 3737 1337 3804 interdictu.
1384 3739 1455 3803 Hoc
1478 3739 1582 3824 itaque

316 3825 493 3893 describere
514 3827 610 3908 volui,
635 3847 678 3910 ut,
702 3830 727 3893 si
751 3829 783 3894 in
798 3827 948 3916 aliquibus
972 3826 1107 3894 articulis
1125 3825 1214 3892 vobis
1238 3825 1395 3891 suboritur
1419 3823 1581 3905 dubitatio,

315 3912 433 3978 dictum
474 3915 699 4000 provincialem
735 3926 874 3982 vestrum
911 3916 1074 4002 requiratis
1113 3933 1142 3980 et
1178 3911 1362 3994 consulatis,
1406 3913 1457 3999 qui
1493 3911 1581 3977 vobis

315 3999 446 4066 obscura
471 4000 617 4083 declaret,
642 4015 784 4089 angusta,
808 4015 902 4088 prout
925 4001 1100 4068 secundum
1118 4003 1223 4068 Deum
1249 4011 1279 4066 et
1303 4001 1455 4066 iusticiam
1481 3999 1583 4064 lacere

315 4089 440 4173 poterit,
464 4088 634 4174 amplificet
659 4101 689 4156 et
713 4114 858 4156 excessus
881 4091 1017 4176 corrigat
1041 4088 1216 4156 secuudum
1242 4085 1344 4153 datam
1369 4087 1426 4153 sibi
1449 4088 1581 4173 gratiam

315 4179 346 4238 in
376 4177 440 4240 vias
469 4175 576 4260 planas
605 4199 712 4262 aspera
741 4175 981 4242 commutando.
1034 4175 1170 4243 Predicti
1206 4177 1299 4241 etiam
1330 4173 1477 4261 capellani
1507 4197 1580 4239 con·

316 4261 468 4328 sessiones
493 4281 610 4329 vestras
634 4263 760 4330 audiant
785 4275 816 4329 et
839 4287 896 4329 vos
922 4265 1171 4344 communicent,
1197 4282 1230 4328 ut
1254 4261 1385 4328 traditur
1409 4263 1441 4327 in
1466 4263 1582 4328 consti-

315 4349 487 4416 tutionibus
510 4373 566 4436 per
589 4351 774 4432 fenestram,
804 4350 908 4417 donec
933 4351 1041 4417 iratres
1072 4351 1237 4418 assecurati
1268 4349 1426 4416 acivibus
1455 4349 1492 4416 ad
1525 4373 1582 4414 vos

316 4439 437 4522 possint
460 4437 620 4520 accedere,
645 4438 693 4504 vel
716 4462 772 4524 per
789 4437 956 4504 dominum
1002 4461 1091 4524 apam
1116 4439 1235 4525 possim
1260 4437 1351 4504 vobis
1374 4438 1505 4523 gratiam
1530 4436 1582 4501 ali-

316 4547 409 4612 quant
434 4527 588 4612 optinere,
613 4537 646 4592 ut
671 4525 864 4592 cessantibus
889 4461 1055 4613 capellinis
1079 4527 1110 4592 in
1136 4525 1296 4612 premissis
1319 4524 1447 4590 fratrum
1473 4523 1581 4589 olficio

316 4611 486 4696 gaudeatis.
535 4614 652 4680 Datum
677 4615 877 4701 Hagettmvie
903 4631 961 4679 etc.

422 4784 1569 4856 ffimpwmfflmmeMQOfflfflmffl

316 4874 852 4946 mmmwfflmwmg
