3822 5592
291 638 314 709 J.
336 639 411 710 1289.
876 637 972 693 Briefe.
1499 643 1534 708 15
1541 643 1560 708 5

292 797 325 861 in
348 818 409 862 nos
432 806 593 883 tamquam
617 793 749 860 arbitros
777 806 809 862 et
831 794 1009 862 amicabiles
1038 796 1272 883 compositores
1296 796 1564 884 compromitten-

293 883 377 948 cium
406 881 505 948 finem
533 881 723 948 dissensioni
752 882 965 969 imposuimus
992 881 1050 948 sub
1081 882 1138 948 hac
1166 881 1278 948 forma.
1331 881 1561 949 Ordinavimus

292 991 445 1057 namque,
475 979 509 1035 ut
537 969 635 1049 cives,
688 969 719 1034 ui
743 967 821 1034 infra
850 992 960 1035 mutos
983 969 1231 1056 Ratisponenses
1262 967 1377 1036 habent
1401 967 1559 1035 domicilia

292 1057 432 1144 propria,
465 1057 497 1122 in
529 1055 641 1142 quibus
666 991 826 1137 habitant,
859 1067 891 1122 et
924 1054 1006 1142 apud
1037 1054 1146 1122 fratres
1178 1067 1375 1122 memoratos
1406 1055 1559 1143 elegerint

292 1142 426 1230 sepeliri,
450 1143 587 1230 primum
608 1140 787 1208 deserantur
810 1141 849 1209 ad
873 1143 1102 1231 parrochialem
1119 1143 1285 1209 ecclesiam
1308 1162 1340 1209 et
1362 1141 1403 1209 ibi
1420 1166 1482 1209 uua
1500 1165 1559 1230 pro

293 1231 337 1297 eis
361 1231 443 1297 inter
459 1231 592 1318 primam
616 1231 746 1297 terciam
761 1231 857 1297 missa
880 1229 963 1298 dicta
986 1229 1025 1297 ad
1048 1229 1177 1298 fratrum
1195 1229 1360 1297 ecclesiam
1385 1229 1564 1298 referantur·

293 1329 324 1386 et
353 1319 411 1386 hec
440 1315 618 1406 deportatio
649 1317 723 1385 loco
753 1319 906 1385 canonice
936 1320 1092 1406 portionis
1123 1318 1299 1400 habebitur,
1333 1329 1367 1385 ut
1402 1341 1469 1385 nou
1500 1318 1558 1384 alia

292 1407 474 1495 requiratur.
513 1404 613 1487 Quod
636 1406 661 1472 si
685 1404 907 1473 defunctorum
932 1418 1078 1495 parentes
1101 1418 1154 1474 aut
1178 1408 1270 1474 amici
1286 1429 1342 1473 cor
1365 1429 1421 1472 ora
1444 1405 1561 1494 depor-

291 1505 357 1560 tare
373 1493 532 1560 noluerint
555 1502 607 1560 aut
623 1517 661 1559 ex
677 1492 778 1581 aliqua
802 1517 893 1560 causa
908 1495 1118 1582 nequiverint,
1142 1496 1167 1558 si
1191 1493 1300 1560 fratres
1316 1429 1363 1559 ad
1378 1492 1409 1560 id
1427 1517 1559 1581 operam

292 1604 358 1646 non
376 1579 529 1661 dederint,
552 1599 600 1646 set
615 1581 756 1667 requisiti
781 1582 1003 1648 innocencium
1020 1605 1109 1647 suam
1132 1604 1189 1668 per
1205 1599 1444 1668 procuratorem
1464 1604 1560 1647 suum

292 1669 324 1734 in
341 1669 440 1734 choro
457 1687 568 1734 nostro
585 1669 843 1748 monstraverint,
860 1667 976 1735 delicto
993 1691 1190 1758 nequaquam
1209 1667 1339 1735 obnoxii
1356 1667 1561 1734 tenebuntur.

291 1755 396 1820 Alieni
419 1766 522 1820 autem
548 1766 580 1822 et
603 1757 741 1821 extranei
765 1757 789 1821 si
814 1757 845 1820 in
870 1757 994 1822 civitate
1017 1754 1157 1843 predicta
1179 1753 1318 1821 defuncti
1341 1754 1465 1836 fuerint,
1489 1777 1556 1821 non

291 1839 537 1929 deportabuntur
570 1865 747 1929 quoquam,
779 1843 805 1907 si
834 1842 907 1908 alias
935 1841 1018 1929 apud
1046 1861 1243 1909 memoratos
1266 1841 1375 1908 fratres
1404 1841 1558 1929 elegerint

292 1927 492 2016 sepulturam.
539 1929 589 1994 De
616 1931 761 2016 personis
786 1941 907 2011 autem,
938 1953 999 2017 que
1023 1928 1138 2017 begine
1161 1940 1331 2010 vocantur,
1360 1940 1391 1996 et
1413 1927 1561 2016 begardis

291 2017 422 2082 civitatis
446 2014 605 2102 sepedicte
629 2015 711 2102 apud
736 2015 844 2082 fratres
868 2018 954 2104 ipsos
971 2017 1163 2104 sepulturam
1180 2015 1367 2102 eligentibus
1391 2016 1454 2082 hoc
1469 2015 1560 2082 volu·

290 2125 361 2168 mus
385 2101 554 2183 observati,
578 2100 666 2190 quod
681 2103 731 2168 vel
754 2103 793 2168 ad
816 2127 887 2170 suas
910 2104 1121 2190 parrochiales
1137 2102 1283 2170 ecclesias
1308 2101 1486 2169 deferantur
1508 2103 1558 2168 vel

291 2191 364 2277 ipsis
380 2188 519 2256 ecclesiis
536 2212 594 2276 pro
611 2187 731 2256 eisdem
750 2191 902 2257 canonica
945 2192 1029 2257 ortio
1046 2189 1252 2278 persolvatur,
1276 2189 1366 2256 salvis
1390 2188 1562 2276 privilegiis

291 2275 410 2344 ordinis
433 2277 495 2343 iam
519 2278 673 2365 premissi.
717 2279 767 2345 De
791 2214 977 2366 pauperibus
1001 2290 1033 2345 et
1056 2277 1095 2345 de
1119 2279 1194 2360 hiis,
1225 2277 1277 2366 qui
1301 2301 1359 2366 pro
1384 2275 1563 2344 cottidiano

291 2366 374 2432 victu
406 2389 502 2453 opera
532 2389 588 2432 sua
619 2364 739 2448 locant,
775 2366 883 2440 nichil¹
902 2365 1074 2454 petendum
1109 2378 1171 2450 est,
1208 2385 1256 2432 set
1291 2365 1413 2454 pietatis
1446 2365 1561 2431 intuitu

292 2453 528 2521 remittendum.
564 2453 709 2521 Preterea
732 2454 917 2538 illectioues,
942 2453 1053 2544 quibus
1077 2453 1170 2546 aliqui
1193 2452 1395 2536 inducuntur,
1419 2477 1460 2520 ne
1476 2453 1561 2540 apud

313 2542 470 2609 arrochias
516 2543 634 2630 roprias
657 2543 708 2609 vel
735 2567 752 2608 a
776 2542 817 2610 ud
840 2541 949 2610 fratres
980 2543 1097 2632 eligant
1120 2543 1259 2631 sepeliri,
1288 2541 1455 2609 efficaciter
1485 2563 1560 2628 pro-

292 2565 446 2697 liibemus.
493 2565 598 2696 iorto
628 2629 714 2719 quod
742 2566 781 2698 de
810 2631 941 2699 articulo
970 2631 1134 2699 electionis
1161 2630 1320 2718 sepulture
1348 2629 1468 2696 dictum
1500 2647 1558 2710 est,

293 2717 355 2784 hoc
382 2719 426 2785 sic
454 2719 551 2806 accipi
574 2718 739 2800 voluntuS,
767 2718 853 2807 quod
876 2743 944 2787 non
972 2721 1145 2808 requiratur
1171 2717 1317 2808 probatio
1347 2719 1486 2805 captiosa
1509 2717 1558 2783 vel

293 2805 405 2871 ordine
429 2805 590 2872 iudiciario
614 2807 797 2887 instaurata,
822 2831 862 2872 eo
885 2806 972 2894 quod
995 2831 1045 2873 res
1069 2806 1254 2872 dilationem
1277 2828 1345 2871 non
1369 2806 1483 2890 capiat,
1511 2822 1558 2869 set

292 2891 416 2972 sulficit,
440 2893 464 2957 si
483 2891 543 2957 due
559 2892 608 2957 vel
632 2910 696 2958 tres
734 2916 849 2958 crsoue
872 2892 936 2959 sule
953 2893 1048 2979 digne
1071 2891 1278 2959 testificantur
1294 2914 1402 2957 coram
1423 2888 1564 2976 plebano

292 2977 342 3043 vel
371 2979 437 3043 eius
459 2979 577 3043 vicario
609 3001 642 3044 se
668 2915 790 3044 audisse
814 3003 831 3044 a
861 2978 1013 3046 defuncto
1037 2979 1087 3046 vel
1111 2978 1270 3058 defuncta,
1299 2975 1427 3065 quando
1458 2975 1564 3042 adhuc

291 3065 419 3146 viveret,
443 3063 530 3154 quod
546 3065 639 3131 vellet
663 3065 745 3153 apud
768 3066 947 3154 sepedictus
970 3067 1079 3134 fratres
1103 3065 1236 3154 sepeliri.
1272 3063 1426 3131 Plehanus
1442 3083 1562 3141 autem,

291 3153 316 3217 si
340 3151 437 3218 verbu
466 3152 600 3240 simplici
632 3163 801 3219 contentus
833 3177 901 3220 esse
930 3154 1083 3236 noluerit,
1116 3155 1219 3240 exigat
1247 3177 1264 3219 a
1294 3152 1442 3232 testibus,
1473 3150 1562 3239 quod

291 3239 395 3307 dicant
423 3240 481 3306 sub
509 3241 774 3307 conscientiarum
806 3265 931 3308 suarum
968 3242 1108 3330 periculo
1137 3243 1317 3322 veritatem,
1353 3239 1403 3306 vel
1431 3251 1564 3305 extensa.

292 3351 387 3394 manu
418 3327 457 3395 ad
481 3327 645 3395 ecclesiam
676 3329 744 3396 siue
775 3329 1045 3432 solle(m)pnitate
1073 3330 1130 3396 alia
1153 3329 1304 3417 prebeant
1333 3326 1563 3394 iusiurandum.

292 3417 323 3482 Si
369 3417 416 3482 uis
444 3417 538 3504 igitur
565 3416 766 3484 sacerdotum
795 3429 900 3505 preter
931 3417 977 3500 td,
1033 3417 1097 3485 uod
1126 3440 1219 3505 supra
1248 3418 1399 3504 scriptum
1430 3426 1494 3498 est,
1527 3417 1561 3481 iu

292 3440 480 3570 celibrando
504 3528 627 3570 moram
645 3506 781 3587 traxerit,
806 3505 856 3572 vel
879 3505 995 3594 aliquid
1011 3443 1201 3572 difficultatis
1218 3505 1383 3592 ingesserit
1403 3502 1559 3582 infirmos,

291 3590 329 3658 ad
358 3615 438 3680 quos
467 3611 595 3658 vocatus
629 3592 738 3674 luerit,
771 3593 938 3673 terrendo,
971 3605 1165 3659 sacramenta
1198 3591 1373 3658 differendo
1403 3590 1452 3656 vel
1483 3589 1560 3655 fina-

291 3678 404 3744 litero
429 3703 480 3744 ere
505 3679 554 3744 vel
578 3678 674 3744 verbo
699 3679 809 3745 eadem
835 3679 984 3766 negando
1015 3692 1067 3746 aut
1091 3681 1179 3746 aliter
1209 3678 1412 3744 afflictionem
1438 3676 1565 3743 afflictis

291 3701 439 3831 addendo
462 3787 521 3851 pro
539 3789 589 3845 e0,
613 3764 699 3853 quod
716 3790 783 3831 non
800 3766 953 3852 eligerent
969 3767 1051 3854 apud
1067 3766 1247 3853 parrochias
1263 3766 1405 3852 proprias
1425 3764 1560 3850 sepeliri,

291 3852 360 3938 ipso
377 3850 459 3917 sacto
476 3853 508 3916 in
532 3853 681 3938 proximo
704 3851 815 3918 sunere
839 3855 885 3918 ius
902 3853 1131 3939 deportationis
1155 3855 1287 3932 amittat,
1311 3849 1416 3938 quoad
1439 3850 1558 3929 fratres,

290 3939 350 4002 nisi
378 3937 418 4003 de
443 3935 519 4003 dolo
549 3950 595 4017 et,
624 3937 710 4026 quod
739 3941 878 4025 captiose
905 3963 973 4004 non
1003 3938 1127 4020 fecerit,
1159 3962 1193 4004 se
1220 3938 1321 4004 valeat
1351 3959 1500 4002 excusare
1527 3937 1559 4000 iu

289 4023 418 4090 fratrum
443 4024 579 4110 capitulo
608 4024 833 4112 predictorum.
880 4027 1074 4093 llemisimus
1102 4026 1197 4112 igitur
1227 4025 1368 4105 iniurias,
1398 4023 1565 4090 molestias.

289 4113 403 4198 pariter
427 4123 457 4178 et
481 4111 629 4194 offensas,
652 4113 678 4178 si
702 4137 778 4201 quas
802 4113 954 4196 fecerunt,
982 4113 1039 4180 sibi
1063 4113 1163 4180 cletus
1188 4124 1219 4179 et
1242 4112 1351 4178 fratres
1375 4123 1488 4178 mutuo
1513 4111 1562 4177 in-

290 4199 441 4280 tulerunt,
472 4199 635 4281 volentes,
663 4212 698 4266 ut
721 4225 832 4288 pacem
856 4203 937 4268 inter
965 4225 998 4266 se
1022 4213 1151 4266 teneant
1176 4201 1262 4266 etin
1291 4197 1563 4287 predicationibus

290 4286 391 4352 verbis
416 4287 579 4352 invectivis
595 4290 710 4374 apertis
734 4307 786 4354 aut
801 4289 910 4355 velatis
933 4312 967 4354 se
983 4289 1121 4354 invicem
1145 4311 1212 4354 non
1229 4285 1435 4353 confundant.
1472 4285 1564 4351 Alio-

312 4375 366 4441 uin
399 4385 636 4462 presumptores
665 4375 768 4442 clerici
797 4375 959 4464 pastoralis
994 4375 1093 4442 baculi
1123 4376 1261 4442 sentient
1288 4374 1496 4462 punctionem
1528 4385 1561 4438 et

291 4397 399 4529 liatres
422 4463 518 4528 insui
541 4463 741 4550 provincialis
766 4463 910 4530 manibus
926 4463 1109 4530 directionis
1125 4464 1247 4550 virgam
1267 4463 1466 4549 comperient
1482 4461 1565 4548 vigi—

292 4549 419 4617 lantem.
465 4550 501 4616 ln
525 4551 612 4616 cuius
636 4553 681 4617 rei
705 4564 764 4619 etc.

398 4899 454 4954 1³01.
478 4855 534 4955 tdti
561 4855 634 4970 --Vgl
654 4899 724 4952 oben
744 4900 790 4954 Nr.
811 4917 839 4971 91
864 4899 917 4953 und
936 4915 978 4970 92.
