3822 5592
288 582 310 654 J,
333 596 406 650 ¹275·
878 579 974 634 Briele.
1517 581 1556 647 95

289 739 449 891 potepittis,
477 738 629 804 tenuitate
656 738 787 804 scientie
812 759 879 803 non
910 735 1072 818 obstante,
1104 733 1283 804 dummodo
1312 733 1385 802 alias
1402 735 1573 824 ydoneus·

289 847 367 912 repu
382 847 400 891 e
415 846 460 890 nr.
1280 863 1283 870 ·

398 1041 405 1071 ¹
419 1012 497 1104 Folgt
509 1031 596 1086 noch:
609 1031 652 1085 vel
666 1033 810 1086 vestierunt
822 1030 865 1085 vel
877 1031 1026 1099 induerunt,
1042 1030 1117 1086 wohl
1130 1030 1300 1086 lomrelhalte
1310 1031 1559 1106 Ausschmtrckung.

291 1159 604 1177 ..-....-..-.,.........

396 1223 452 1279 Pol.
474 1241 531 1296 119.
567 1223 597 1278 ln
621 1221 683 1277 dem
702 1223 931 1296 vorangehenden
954 1241 988 1278 an
1007 1224 1059 1278 den
1078 1223 1205 1278 Konvent
1230 1221 1397 1295 gerichteten
1416 1222 1576 1278 Schreiben'

291 1311 369 1366 heisst
392 1328 436 1370 es:
462 1312 554 1373 Quam
577 1326 659 1382 grave
685 1309 873 1365 detrimentum
898 1309 984 1365 ordini
1008 1311 1161 1383 frequenter
1184 1310 1278 1364 afferat
1300 1325 1432 1382 quamque
1454 1311 1560 1382 gravius

291 1397 421 1470 spondeat
433 1403 624 1452 nocumentum
636 1398 723 1451 minus
736 1397 894 1453 idonearum
906 1396 1096 1468 multiplicacio
1110 1413 1292 1469 personarum,
1307 1396 1363 1451 dies
1377 1397 1429 1452 diei
1442 1405 1561 1452 eructuat

291 1494 318 1540 et
342 1486 503 1557 experientia
525 1484 642 1538 clamitat
670 1485 696 1538 in
720 1484 823 1556 plateis.
872 1483 950 1540 Unde
973 1485 1132 1556 petitionem
1155 1494 1272 1539 vestram
1295 1501 1344 1556 pro
1453 1486 1561 1540 novicio
1617 1517 1620 1522 ·

291 1581 448 1645 porrectam,
468 1581 595 1644 quatenus
614 1569 654 1626 ad·
666 1571 862 1643 professionem
881 1573 1035 1643 recipiatur,
1054 1569 1221 1627 ordinatione
1240 1571 1346 1644 capituli
1364 1589 1419 1626 non
1438 1571 1561 1628 obstante
1595 1577 1599 1586 '

291 1677 345 1714 non
364 1659 467 1731 suscepi
487 1701 493 1714 .
514 1702 519 1714 .
539 1701 545 1714 .
565 1666 605 1713 set
625 1701 631 1714 .
652 1701 658 1714 .
679 1700 684 1712 .
706 1659 785 1730 priori
812 1667 903 1714 vestro
922 1677 970 1730 per
992 1658 1093 1713 litteras
1111 1659 1240 1730 speciales
1260 1657 1309 1712 sub
1327 1667 1400 1712 certa
1424 1658 1511 1713 forma
1534 1649 1561 1712 in

291 1747 340 1802 hac
359 1757 432 1819 parte
452 1745 556 1801 decrevi
575 1746 744 1800 committere
764 1747 836 1801 vices
856 1764 939 1801 meas.
1491 1755 1492 1762 ’
1534 1743 1537 1754 “

900 1955 950 2024 68.

401 2095 582 2182 ΙΙινειΙῃιης
616 2097 694 2160 eines
721 2095 827 2162 Priora
853 2117 912 2162 von
940 2096 1053 2162 Liwen
1086 2096 1164 2162 rinch
1192 2095 1287 2176 Kdln,
1324 2094 1481 2162 basonders
1508 2096 1563 2160 mit

291 2179 450 2250 Raicksicht
473 2182 535 2269 aus
553 2179 700 2248 Albertus
722 2181 869 2270 Magnus.
917 2179 994 2270 (Um
1022 2181 1153 2278 1²75),
1540 2206 1542 2212 ¹

395 2323 512 2390 Littera
535 2319 575 2388 ad
598 2321 749 2410 priorem,
773 2323 827 2412 qui
850 2345 909 2411 pro
931 2322 1037 2411 priore
1050 2321 1225 2478 petebatur
1247 2323 1281 2389 in
1304 2338 1465 2390 conventu
1489 2318 1563 2401 alio,

292 2407 324 2478 id
356 2421 405 2479 est
434 2409 644 2478 Louaniensis
679 2408 718 2478 ad
751 2409 994 2479 Coloniensem.
1078 2411 1184 2479 itteras
1221 2409 1353 2479 fratrum
1387 2461 1427 2478 ..
1458 2407 1564 2496 recepi

294 2500 513 2582 continentes,
574 2496 660 2580 uod,
697 2521 770 2565 cum
806 2509 913 2567 essent
944 2499 1058 2587 prioris
1092 2497 1212 2566 solacio
1245 2497 1403 2580 destituti,
1442 2495 1492 2564 die
1524 2493 1564 2562 ad

295 2584 476 2676 eligendum
509 2609 564 2675 pre
610 2609 631 2653 o
664 2597 885 2654 convenerunt
918 2597 950 2654 et
988 2587 1134 2655 invocata
1169 2587 1269 2655 sancti
1303 2585 1428 2675 spiritus
1460 2583 1563 2673 gracia

295 2675 396 2742 maior
427 2697 498 2763 pars
530 2697 643 2743 eorum
673 2675 706 2741 in
735 2697 905 2762 personam
937 2688 1075 2744 vestram
1106 2674 1218 2743 oculos
1246 2671 1363 2742 'direxit
1391 2696 1451 2741 vos
1477 2665 1563 2739 dicto

295 2763 468 2830 conventui
483 2761 645 2850 postulans
661 2762 694 2828 in
717 2763 868 2850 priorem.
904 2764 1028 2829 Verum
1052 2786 1125 2830 curn
1143 2763 1221 2830 mihi
1244 2759 1422 2829 secundum
1437 2782 1564 2826 morem

295 2867 378 2914 esset
401 2846 584 2915 huiusmodi
607 2847 783 2934 postulacio
812 2847 966 2915 adiunctis
1017 2871 1054 2914 ro
1082 2847 1312 2936 approbatione
1336 2857 1367 2914 et
1396 2845 1565 2914 confirma·

293 2935 382 3002 tione
405 2933 683 3021 supplicationibus
714 2945 907 3022 presentata,
936 2935 967 3000 in
991 2871 1081 3002 idnce
1107 2935 1240 3002 rationis
1270 2931 1566 3022 appendi'necessi·

293 3032 390 3090 tatem
419 3019 535 3088 domus
568 3020 789 3104 Coloniensis,
818 3023 868 3089 cui
892 3020 1041 3104 concedi,
1070 3039 1102 3088 et
1129 3021 1291 3090 caritatem
1319 3019 1436 3088 domus
1463 3019 1566 3086 Loua-

294 3109 427 3190 niensis‚
458 3109 508 3175 cui
531 3131 590 3175 vos
618 3109 696 3196 eripi
726 3120 891 3197 oporteret
915 3121 946 3176 et
972 3108 1109 3191 adverti,
1140 3107 1244 3198 quod,
1268 3107 1341 3175 licet
1384 3107 1429 3175 ari
1452 3106 1565 3174 affectu

293 3207 459 3284 utramque
482 3194 629 3283 amplecti
656 3213 766 3263 tenear
788 3207 819 3264 et
842 3195 970 3279 fovere,
993 3195 1063 3285 plus
1086 3207 1195 3264 tamen
1219 3194 1335 3264 domus
1360 3130 1565 3263 boloniensis

294 3284 352 3350 ista
373 3284 443 3351 vice
463 3305 525 3384 pro
549 3281 672 3350 domini
695 3282 853 3373 Al(berti)
877 3285 1054 3352 reverentia
1077 3285 1207 3386 accipiat
1230 3284 1263 3350 in
1288 3282 1412 3365 effectu,
1436 3300 1566 3370 propter

317 3369 382 3437 uod
404 3377 488 3436 votis
511 3369 740 3457 postulantium
765 3394 908 3438 annuens
932 3395 991 3439 vos
1014 3395 1032 3438 a
1054 3373 1168 3459 prioris
1192 3369 1312 3452 officio,
1336 3368 1424 3458 quod
1446 3369 1565 3471 geritis,

295 3480 312 3523 a
335 3456 427 3524 solvo
444 3467 476 3523 et
491 3455 635 3523 concedo
653 3480 712 3523 vos
735 3481 771 3523 ac
787 3457 947 3524 confirmo
964 3455 1155 3525 Coloniensi
1170 3458 1344 3525 conventui
1366 3457 1400 3523 in
1415 3478 1566 3544 priorem,

296 3542 485 3610 discrecioni
508 3555 612 3611 vestre
636 3545 844 3611 committens
871 3546 1026 3611 attencius
1050 3555 1081 3612 et
1106 3545 1291 3632 iniungens,
1320 3561 1475 3632 quatenus
1498 3543 1567 3608 sine

295 3653 388 3696 more
416 3627 577 3716 languoris
610 3629 774 3698 obstaculo
802 3629 841 3696 ad
870 3629 1033 3698 decretum
1063 3629 1155 3698 vobis
1183 3641 1380 3698 conventum
1412 3627 1567 3696 accedatis

295 3715 439 3868 pillicium
467 3727 607 3784 vestrum
640 3717 817 3783 secundum
848 3715 952 3784 datam
986 3715 1077 3786 vobis
1111 3741 1129 3783 a
1156 3719 1230 3784 Deo
1263 3718 1395 3804 gratiam
1428 3715 1567 3782 exerceri

318 3821 473 3890 rrgenter.

399 3939 451 4008 Ad
467 3953 673 4024 conventum,
697 3940 736 4008 ad
758 3965 855 4031 quem
870 3941 1054 4009 transfertur
1076 3941 1214 4009 schreibt
1237 3940 1293 4008 der
1307 3939 1485 4008 Provinzial
1500 3939 1568 4006 das-

294 4028 379 4096 selbe
409 4027 476 4096 und
498 4028 657 4096 bemerlrt:
687 4029 766 4096 Non
789 4030 940 4097 inmerito
966 4029 1114 4111 hesitavi,
1144 4041 1252 4098 utrum
1280 4029 1382 4117 magis
1406 4024 1569 4116 expediret

293 4117 405 4184 vestris
428 4115 533 4183 favere
556 4115 677 4204 placitis
700 4116 750 4184 vel
774 4117 844 4205 plus
867 4116 996 4186 deceret
1018 4116 1150 4186 fratrum
1171 4117 1421 4184 Louaniensium
1445 4114 1568 4203 prospi-

296 4225 366 4269 cere
390 4201 572 4269 commodis
597 4255 604 4269 .
630 4255 637 4270 .
664 4254 671 4269 .
696 4202 759 4270 Sed
787 4204 893 4272 subito
921 4203 982 4270 hec
1009 4205 1248 4292 cogitationum
1276 4202 1467 4289 disceptacio
1492 4223 1569 4267 con-

296 4290 429 4377 quievit,
460 4313 532 4356 curn
564 4300 711 4357 stateram
742 4289 866 4358 domini
888 4289 1047 4380 Al(berti)
1079 4291 1254 4358 reverentia
1281 4289 1350 4377 paci
1380 4305 1412 4355 et
1446 4286 1569 4354 utilitati

295 4388 400 4444 vestre
423 4375 624 4464 superaddita
647 4376 816 4445 inclinavit.

300 4519 457 4530 ——--

402 4584 458 4639 Fol.
479 4587 563 4639 108⁸.
599 4585 666 4639 Eine
685 4601 790 4656 genaue
808 4585 957 4657 Datierung
976 4586 1010 4639 ist
1028 4585 1147 4652 schwer,
1173 4584 1206 4638 da
1226 4583 1313 4637 ausser
1331 4583 1392 4637 dem
1411 4581 1569 4636 Aulenthalt

298 4670 403 4725 Alberts
422 4671 446 4726 d.
465 4672 512 4726 Gr.
531 4672 558 4725 in
576 4671 648 4726 Koln
667 4672 727 4726 kein
746 4671 920 4727 lristorisclres
933 4672 1044 4726 Faktunr
1063 4671 1223 4743 angegeben
1243 4671 1284 4725 ist.
1319 4669 1382 4739 1265
1404 4671 1437 4724 ist
1451 4667 1570 4734 Kourad,

236 4816 239 4822 ,
301 4771 368 4828 1272
386 4759 504 4827 Emund,
532 4759 600 4814 1280
617 4760 745 4814 Heinrich
769 4761 852 4816 Prior.
889 4760 952 4832 Vgl.
971 4760 1078 4827 Ennen,
1103 4759 1222 4822 Quellen
1248 4765 1293 4812 zur
1311 4757 1411 4812 Gesch.
1431 4756 1478 4811 der
1496 4755 1571 4811 Stadt

299 4845 369 4900 Koln
388 4847 420 4916 ΙΙ,
439 4849 504 4914 484;
523 4847 567 4915 ΙΙΙ,
588 4846 630 4915 62,
652 4863 710 4920 199.
