3822 5592
340 627 403 694 154
928 621 1001 676 liriel
1016 663 1021 675 .
1486 623 1508 692 J.
1531 623 1605 692 1289.

338 781 391 868 qui
419 781 581 848 concussis
609 778 725 847 domus
756 778 878 866 angulis
905 778 1020 845 liberos
1048 776 1225 848 suffocaret.
1272 777 1327 846 Set
1357 801 1417 844 nec
1446 779 1520 865 ipsi,
1552 779 1604 866 qui

338 867 420 954 passi
444 867 590 934 dicuntur
613 868 774 948 iniuriam,
797 888 935 954 quorum
959 864 1169 953 principaliter
1192 866 1356 946 intererat,
1387 864 1503 953 aliquid
1532 885 1605 931 sunt

339 951 514 1054 conquesti.
561 954 707 1020 Preterea
736 951 838 1018 dictus
868 951 961 1018 frater
989 974 1055 1016 non
1080 951 1203 1024 videtur
1226 953 1438 1032 ammonitus,
1462 963 1496 1018 ut
1519 953 1606 1038 peni·

339 1051 470 1106 tentram
494 1059 616 1126 ageret,
640 1052 674 1106 ut
696 1039 821 1105 veniam
846 1051 982 1124 peteret,
1006 1038 1134 1104 relaxari
1163 1037 1304 1104 debitum
1328 1037 1385 1104 sibi
1409 1037 1605 1125 supplicaret,

339 1148 378 1191 ex
400 1127 409 1190 i
433 1147 470 1191 so
494 1147 550 1191 ore
574 1124 729 1214 proferret
753 1123 974 1205 medicamina,
997 1123 1082 1190 uude
1105 1123 1234 1190 vulnera
1257 1125 1452 1214 prodierunt.
1491 1124 1606 1190 Huius-

339 1233 394 1278 mo
418 1213 428 1277 i
458 1213 649 1278 ammonitio
673 1213 699 1278 si
727 1210 809 1300 apud
835 1213 939 1297 ipsum
968 1211 1101 1277 minime
1153 1209 1315 1293 rosuisset‚
1346 1223 1394 1277 set
1416 1233 1486 1276 eam
1515 1231 1606 1276 more

338 1297 432 1365 surde
460 1297 574 1385 aspidis
602 1299 796 1385 preterisset,
825 1297 988 1364 vocandus
1017 1309 1082 1364 erat
1104 1233 1151 1363 ad
1167 1312 1362 1365 conventum
1387 1311 1433 1376 et,
1462 1315 1496 1363 ut
1519 1299 1607 1386 peni-

338 1386 469 1451 tentiam
482 1385 664 1472 susciperet,
680 1382 912 1470 astringendus,
930 1387 990 1466 cui,
1006 1396 1040 1452 ut
1056 1405 1160 1471 spem,
1177 1384 1336 1451 humiliter
1351 1385 1513 1471 patuisset,
1532 1406 1605 1449 cum

338 1483 438 1539 tractu
468 1473 622 1560 temporis
651 1470 736 1538 calor
766 1471 925 1538 iracundie
953 1472 1113 1560 tepuisset.
1173 1471 1263 1538 Hanc
1296 1473 1322 1537 si
1353 1483 1606 1572 contempneret,

338 1557 495 1627 restabant
517 1561 692 1646 asperiores
716 1581 858 1641 censure,
882 1581 958 1647 quas
982 1571 1074 1625 notas
1096 1557 1187 1624 vobis
1212 1581 1249 1624 ex
1273 1557 1551 1635 constitutionibus
1574 1571 1606 1624 et

339 1644 460 1712 ordinis
494 1645 725 1713 consuetudine
766 1667 894 1712 necnon
930 1670 968 1712 ex
1003 1645 1211 1733 capitulorum
1246 1641 1497 1712 ordinationibus
1537 1667 1604 1711 non

338 1745 467 1820 oportet
490 1731 558 1800 fieri
581 1735 734 1800 notiores.
770 1733 926 1799 Premissa
949 1757 1022 1799 cum
1045 1755 1105 1799 nec
1128 1731 1262 1800 modum
1279 1752 1419 1799 vestrum
1443 1755 1503 1798 nec
1521 1733 1604 1798 vites

339 1821 540 1902 excesserint,
565 1842 756 1908 prepropere
772 1843 881 1886 meum
900 1819 1118 1906 interpellastis
1134 1817 1287 1900 officium,
1311 1831 1421 1886 contra
1440 1817 1602 1886 absentem

338 1907 531 1974 instaurastis
559 1906 725 1986 iudicium,
758 1905 897 1973 dictastis
926 1908 1134 1987 sententiam,
1167 1929 1228 1994 qua
1255 1907 1432 1993 puniretur,
1459 1905 1604 1973 videlicet

339 1995 541 2074 missionem,
569 2017 663 2094 quarn
691 1993 741 2060 ille
771 2006 928 2081 reputaret
955 1993 1084 2059 forsitan
1112 1994 1394 2081 proscriptionem,
1422 1992 1604 2072 adicientes,

337 2079 425 2168 quod
448 2081 521 2147 loco
545 2083 632 2147 nussi
647 2079 737 2148 vobis
761 2082 866 2147 statim
890 2079 985 2146 aliurn
1008 2081 1213 2162 remitterem,
1238 2103 1278 2146 ne
1296 2092 1443 2147 vacarent
1465 2081 1603 2159 termini,

338 2190 419 2254 quos
434 2166 571 2234 tenebat.
609 2168 710 2233 Porro
734 2168 760 2232 si
782 2167 827 2233 sic
842 2169 956 2234 vivitur
972 2186 1003 2233 et
1026 2167 1057 2232 in
1081 2165 1192 2234 talibus
1208 2168 1304 2234 vitant
1328 2190 1434 2234 meam
1450 2167 1603 2247 sustineo,

338 2255 364 2319 si
386 2255 456 2341 quis
479 2277 532 2320 me
556 2255 589 2319 in
612 2255 795 2320 servitutem
819 2253 943 2340 redigit,
968 2255 994 2318 si
1017 2255 1086 2341 quis
1110 2276 1155 2335 ea,
1180 2277 1241 2341 que
1264 2253 1365 2339 digito
1388 2275 1447 2320 suo
1470 2275 1602 2320 movere

338 2362 405 2406 nott
428 2340 509 2422 vult,
542 2341 621 2406 meis
648 2340 787 2407 humeris
809 2341 1010 2428 superponit,
1038 2341 1064 2405 si
1087 2342 1174 2428 quis,
1197 2361 1231 2406 ut
1254 2341 1339 2407 mitis
1361 2352 1519 2426 appareat,
1550 2362 1603 2404 me

337 2439 493 2494 tortorem
522 2428 692 2494 constituat
723 2440 754 2494 et
781 2427 933 2494 ultorem:
967 2429 992 2492 si
1021 2425 1292 2514 superhabundavi
1319 2427 1436 2507 verbis,
1463 2449 1522 2493 vos
1550 2449 1603 2492 mc

338 2515 502 2615 coegistis!
549 2515 779 2581 Verumtamen
811 2516 868 2582 ista
897 2514 998 2581 forma
1021 2537 1089 2580 non
1113 2526 1160 2581 est
1183 2513 1274 2582 vobis
1302 2513 1361 2580 soli
1384 2515 1526 2600 propria,
1555 2526 1604 2579 set

337 2600 503 2670 vobiscum
537 2603 569 2666 in
602 2624 638 2668 ea
671 2603 924 2683 communicant,
957 2602 1009 2689 qui
1041 2600 1081 2667 ad
1112 2623 1164 2666 me
1220 2603 1284 2667 rius
1313 2600 1436 2686 culpam
1471 2621 1602 2665 suorum

337 2687 477 2756 referunt
507 2711 601 2777 quam
625 2687 806 2756 vindictam.
854 2688 990 2754 Videant
1020 2710 1097 2774 ergo
1126 2687 1241 2754 subiti
1268 2689 1301 2753 in
1324 2688 1436 2755 vestris
1459 2685 1605 2753 manibus

337 2775 521 2862 vigilantem
537 2777 669 2876 virgam,
693 2787 727 2842 ut
750 2799 817 2841 non
841 2787 974 2862 paveant
997 2774 1035 2840 ab
1057 2775 1205 2861 aquilone
1229 2773 1480 2860 conflagrantem
1497 2773 1602 2838 ollam.

337 2862 422 2928 Nam
438 2885 454 2929 a
471 2881 608 2949 paterms
625 2862 769 2928 manibus
785 2863 938 2947 exigetur,
957 2860 1104 2949 quicquid
1121 2862 1151 2926 in
1177 2884 1239 2927 une
1256 2884 1273 2926 a
1289 2860 1359 2926 liliis
1376 2860 1603 2926 committetur.

340 2947 433 3015 Unde
466 2947 552 3036 quod
580 2947 618 3014 ad
650 2971 780 3035 presens
815 2947 931 3014 factum
960 2949 1113 3034 pertinet,
1149 2884 1372 3014 discretionem
1401 2965 1538 3012 vestram
1571 2946 1603 3010 in

338 3033 473 3102 domino
498 3057 619 3102 moneo
649 3055 679 3101 et
704 3035 856 3102 exhortor
886 3034 1110 3100 nichilominus
1134 3035 1340 3101 committens
1368 3033 1483 3120 pariter
1507 3052 1537 3100 et
1558 3034 1605 3098 iu-

338 3123 490 3210 iuogens,
536 3141 668 3188 uatenus
691 3121 887 3208 sepedictum
911 3121 1037 3188 fratrem
1062 3121 1101 3188 de
1125 3122 1202 3201 hiis,
1230 3144 1291 3209 que
1314 3119 1352 3187 ad
1376 3143 1429 3186 me
1453 3142 1605 3207 pervene-

339 3221 426 3290 tunt,
455 3146 555 3276 mollo
579 3207 687 3276 debito
715 3211 893 3290 contritis,
924 3222 955 3276 ut
978 3210 1004 3274 si
1027 3207 1142 3296 aliquid
1166 3229 1325 3294 superest,
1356 3206 1443 3296 quod
1470 3206 1604 3274 fraterna

339 3295 406 3448 liefri
430 3295 623 3449 debettthpo
647 3295 756 3378 salute,
780 3233 818 3362 ad
843 3320 905 3377 me,
929 3294 1056 3384 quaudo
1079 3318 1179 3382 prope
1203 3317 1291 3377 sunt,
1318 3295 1367 3361 vel
1391 3294 1430 3361 ad
1453 3296 1604 3361 vicarium

339 3405 372 3449 rc
387 3383 488 3450 eratis.
567 3394 657 3450 aete.

445 3590 502 3646 rot
523 3591 579 3645 tuo.

941 3725 1007 3796 142.

444 3869 599 3954 Eirtigtutg
631 3869 685 3933 der
715 3868 937 3934 Duminikuner
969 3870 1022 3933 ruit
1057 3869 1123 3932 deut
1155 3867 1278 3954 Kopitel
1309 3867 1373 3932 und
1403 3867 1515 3932 chrus
1544 3885 1604 3931 von

338 3954 533 4040 Regeashag
555 3954 650 4019 durch
679 3955 882 4041 Veranittlung
907 3957 957 4020 dus
980 3954 1118 4042 Bischoss
1141 3954 1297 4018 Heinrich.
1345 3951 1471 4043 (1289.)

443 4076 558 4140 Forma
591 4077 835 4163 compositionis
863 4078 943 4142 inter
976 4075 1084 4142 fratres
1114 4095 1146 4142 et
1179 4074 1297 4140 clerum
1326 4075 1602 4161 Ratisponensent.

338 4161 530 4249 H(enricus)
565 4163 625 4228 Dei
672 4165 769 4249 gratia
810 4164 1048 4250 llatispouensis
1092 4164 1258 4250 episcopus
1298 4162 1449 4228 universis
1484 4159 1602 4248 ha(n)c

337 4250 484 4335 paginam
509 4250 697 4335 congnitis.¹
732 4249 815 4316 Cum
839 4251 920 4316 inter
944 4248 1146 4316 honorabiles
1170 4250 1279 4314 viros.
1306 4301 1313 4314 .
1337 4249 1570 4334 prepositum.
1595 4298 1603 4310 .

337 4335 493 4402 decanum
518 4347 548 4402 et
573 4335 742 4422 capitulum
766 4359 893 4402 necnon
916 4348 1056 4402 rectores
1080 4335 1314 4423 parrochiarum
1338 4335 1470 4402 civitatis
1494 4351 1603 4399 nostre

337 4435 485 4510 exparte
516 4446 576 4490 nna
601 4434 632 4490 et
662 4423 829 4509 religiosos
852 4425 936 4489 viros
961 4476 968 4488 .
995 4476 1001 4488 .
1026 4424 1164 4510 priorem
1194 4435 1224 4489 et
1249 4421 1358 4489 fratres
1387 4419 1507 4487 ordinis
1531 4420 1603 4486 Pre-

337 4511 513 4578 dicatotum
539 4512 671 4578 civitatis
700 4512 853 4598 premisse
876 4533 914 4576 ex
938 4523 1025 4597 parte
1048 4510 1141 4576 altera
1170 4510 1299 4576 suborta
1321 4508 1477 4576 discordia
1500 4508 1603 4595 gravis

338 4619 420 4665 esset
450 4622 485 4665 su
511 4621 544 4665 et
576 4598 797 4684 deportatione
826 4619 997 4684 corporum
1033 4619 1145 4663 eorum
1173 4596 1211 4662 ad
1244 4597 1423 4683 parrochias
1451 4597 1604 4682 propriaS,

337 4687 389 4774 qui
413 4622 507 4772 apo-l
519 4683 628 4751 statres
652 4687 737 4771 ipsos
754 4685 906 4770 eligerent
930 4683 1063 4784 sepeliri,
1087 4707 1181 4771 quam
1206 4683 1461 4770 deportationem
1478 4681 1552 4748 dicti
1570 4733 1601 4748 ..

337 4773 423 4858 prior
446 4793 477 4838 et
500 4771 609 4838 fratres
632 4770 816 4857 reputabant
843 4770 974 4837 libertati
998 4770 1235 4856 privilegiorum
1258 4792 1389 4836 suorum
1414 4770 1601 4835 contrariam

338 4858 563 4944 utplurimum
587 4879 769 4937 onerosum,
794 4880 853 4922 uos
877 4856 1004 4923 tandem
1029 4855 1069 4922 de
1085 4879 1243 4922 consensu
1266 4857 1405 4942 parcium
1430 4853 1602 4921 earundem
