3822 5592
303 624 380 711 .1·48
904 637 977 690 Brief
993 679 998 690 .
1463 637 1485 706 J.
1508 637 1587 707 1289„

318 795 430 862 iudicii
446 807 557 861 contra
580 796 666 881 ipsos
689 795 774 860 iuxta
797 792 932 859 formam
958 793 1072 880 prioris
1095 792 1234 858 mandati
1254 804 1285 858 et
1308 793 1371 858 ianr
1394 791 1588 878 procedetur

317 878 493 947 secundum
521 879 658 946 fornmm
693 877 831 946 secunde
864 879 1117 960 commissionis,
1153 877 1314 959 videlicet,
1349 897 1383 944 ut
1417 877 1495 944 infra
1529 901 1585 943 sex,

317 990 445 1034 menses
469 989 560 1034 cansa
590 965 628 1032 ad
652 968 771 1032 curiam
799 978 974 1032 revocetur.
1022 967 1091 1031 Vos
1114 965 1123 1030 i
1148 967 1224 1045 itur,
1252 967 1304 1052 qui
1333 965 1517 1052 usquehuc
1545 964 1584 1029 ad

318 1053 539 1120 defensionem
567 1063 746 1119 vestrorunt
781 1052 946 1118 humilium
975 1052 1096 1118 virtutis
1125 988 1310 1117 bracchium
1339 1050 1523 1117 extendistis
1553 1064 1584 1115 et

318 1141 435 1206 nostris
470 1139 735 1228 oportunitatibus
768 1140 812 1205 sic
845 1137 1025 1220 affluenter,
1058 1139 1102 1204 sic
1131 1136 1346 1204 indesinenter
1373 1137 1516 1217 all'nistis,
1550 1157 1589 1202 ut·

318 1240 423 1294 totum
442 1238 583 1294 vestrum
607 1228 656 1308 sit,
680 1225 767 1314 quod
790 1248 959 1313 possumus
984 1245 1014 1292 et
1037 1225 1123 1313 quod
1148 1247 1267 1306 sumus,
1292 1248 1385 1312 snper
1409 1247 1468 1291 nos
1492 1223 1584 1290 solite

319 1315 479 1381 concutite
501 1316 620 1380 viscera
643 1314 776 1401 pietatis,
800 1325 979 1401 pensantes,
1003 1325 1154 1402 quantum
1178 1313 1334 1400 religiosis
1358 1312 1516 1380 mentibus
1540 1313 1591 1376 in·-

318 1413 406 1487 gerat
434 1402 540 1468 oneris
570 1399 691 1487 litigare
719 1413 750 1467 et
779 1399 989 1480 contendere,
1020 1423 1081 1488 que
1110 1398 1218 1466 divino
1242 1399 1338 1467 cultui
1366 1399 1470 1466 dedite
1498 1410 1589 1465 tene--

318 1500 427 1555 rentur
458 1487 595 1574 pacificis
623 1486 732 1554 studiis
765 1487 919 1554 inherere.
972 1488 1025 1552 Est
1054 1499 1161 1553 tamen
1197 1487 1309 1554 melius
1337 1511 1410 1552 cum
1438 1485 1590 1572 apostolo·

319 1598 379 1641 nec
403 1573 442 1641 nd
464 1575 576 1640 horam
601 1573 713 1640 cedere
737 1573 951 1640 subiectionel
975 1587 1006 1640 et
1030 1597 1129 1639 omne
1152 1574 1271 1641 malum
1295 1575 1357 1660 pati
1381 1596 1474 1661 quam
1499 1571 1585 1638 analo

320 1662 511 1743 consentire,
535 1683 576 1727 ne
597 1661 843 1746 intemperantes
867 1661 957 1748 layci,
982 1661 1034 1748 qui
1060 1661 1144 1726 clero
1172 1663 1256 1728 iuxta
1280 1661 1442 1726 decretum
1467 1658 1565 1746 opido
1574 1666 1591 1701 ²¹·

319 1747 424 1816 infesti
454 1767 545 1829 sunt,
577 1749 715 1849 possint,
748 1746 834 1836 quod
863 1748 921 1813 sibi
952 1769 1103 1834 personas
1134 1748 1357 1814 ecclesiasticas
1385 1745 1585 1824 subiecerint,

319 1835 455 1924 gloriari.
488 1837 623 1902 Memmi
639 1857 734 1923 quern
758 1857 910 1921 magnum
928 1853 1048 1921 patrem
1066 1855 1096 1900 et
1120 1836 1256 1901 ataricum
1273 1833 1393 1900 ordinis
1417 1833 1589 1912 dubitasse,

320 1946 361 1990 ne
395 1921 476 1990 forte
510 1921 619 1988 fratres
649 1921 822 1989 deficerent
853 1933 884 1988 et
911 1921 1013 1988 allecti
1044 1921 1131 1988 tedio
1165 1920 1277 1988 fierent
1304 1922 1479 2007 segniores.
1530 1919 1585 1985 Set

320 2011 446 2077 noverit
460 2020 563 2075 vestra
601 2011 818 2091 reeminentia,
841 2010 928 2096 ipsos
944 2009 1053 2095 spiritu
1077 2021 1187 2074 sancto
1204 2010 1374 2095 inspirante
1398 2020 1486 2074 tanto
1503 2006 1589 2072 fixos

320 2094 474 2183 pondere,
497 2117 561 2183 quo
585 2148 594 2176 ,
617 2097 643 2160 si
667 2096 736 2183 quis
758 2096 792 2161 in
811 2095 970 2162 desertum
995 2094 1076 2160 exilii
1100 2097 1148 2161 sui
1171 2093 1210 2162 ad
1233 2096 1319 2182 ipsos
1343 2096 1462 2175 exierit,
1485 2109 1588 2160 vento·

320 2184 450 2270 agitatas
474 2181 642 2248 arundines
665 2205 733 2248 non
755 2181 882 2250 videbit.
918 2183 1028 2247 Unum
1053 2183 1096 2248 eis
1121 2181 1219 2263 deest,
1243 2181 1329 2270 quod
1351 2193 1458 2249 tamen
1481 2199 1584 2247 vestra

321 2268 556 2357 magnificentia
570 2267 699 2337 faciliter
715 2268 858 2357 supplere
874 2271 990 2356 poterit
1008 2282 1039 2336 et
1054 2269 1196 2356 implere,
1219 2269 1364 2336 videlicet
1379 2269 1466 2358 quod
1482 2271 1586 2334 iacent

321 2359 353 2424 in
377 2356 518 2443 collegiis
541 2356 657 2444 absque
680 2355 913 2443 sollempnitate
937 2355 1040 2423 debita
1064 2355 1205 2424 divinum
1234 2355 1375 2424 officium
1399 2359 1590 2424 musitantes

320 2441 371 2510 vel
393 2442 433 2510 ad
456 2441 602 2510 ecclesias
626 2442 811 2510 secularium
836 2441 1055 2510 discurrentes
1091 2445 1225 2532 Propter
1247 2443 1334 2532 quod
1357 2444 1584 2530 benignitatem

321 2541 457 2598 vestram
480 2552 563 2618 rogo
587 2529 745 2596 humiliter
762 2541 793 2596 et
816 2542 944 2612 attente,
968 2543 1122 2618 quatenus
1139 2531 1320 2597 concedatis
1342 2531 1417 2618 ipsis
1441 2529 1590 2597 edificare·

321 2620 353 2684 in
376 2629 479 2686 vestra
502 2618 632 2706 dyocesi
656 2615 790 2685 domum
814 2641 920 2699 unam,
945 2619 1024 2685 sicut
1048 2631 1150 2686 vestre
1174 2617 1324 2706 placuerit
1345 2617 1510 2700 voluntati,
1534 2617 1589 2684 nbi

321 2707 393 2772 Deo
417 2706 555 2774 serviant
570 2717 602 2774 et
616 2706 728 2773 vestris
752 2706 941 2773 iussionibus
957 2717 1086 2792 pareant
1109 2718 1258 2794 tanquam
1275 2706 1410 2774 humiles
1427 2705 1480 2773 tilii
1496 2719 1586 2774 tanto

321 2794 431 2880 patri.
457 2845 464 2858 .
488 2792 600 2860 Valent
623 2805 682 2859 etc.
730 2795 846 2859 Datum
872 2794 1065 2858 Wormacie.

429 2999 614 3053 ¹subiectioni
632 2999 684 3053 HS.
723 2999 773 3053 Die
792 3000 873 3053 Stelle
893 2999 973 3053 lautet
993 3002 1028 3052 im
1049 2999 1123 3052 Brief
1142 3017 1175 3052 an
1194 3000 1236 3052 die
1256 2999 1364 3054 Galater
1382 3001 1415 3065 II,
1443 3019 1468 3066 5:
1494 3002 1590 3072 quibus:

321 3085 408 3140 neque
427 3067 460 3122 ad
478 3068 573 3122 horam
592 3069 720 3122 cessimus
740 3070 912 3124 subiectione.
986 3070 1114 3140 '²opiod0
1134 3069 1185 3123 HS.

427 3259 484 3315 Fol.
506 3250 591 3329 174v.
620 3261 671 3314 Die
691 3261 748 3314 hier
760 3262 898 3316 ertvahnte
917 3263 1031 3315 secumla
1052 3264 1207 3316 commissio
1221 3263 1279 3330 (des
1293 3263 1417 3333 Papstes)
1431 3262 1511 3316 findet
1530 3264 1587 3316 sich

322 3346 429 3402 Strassb.
449 3347 504 3401 UB.
523 3347 556 3414 ll,
579 3346 627 3414 156
647 3365 678 3400 zu
700 3348 768 3420 1289
787 3349 860 3419 April
883 3350 922 3404 16.

927 3522 992 3588 132.

430 3637 694 3727 (Oalatsgenaal
709 3643 832 3730 Murrio)
857 3641 969 3707 erl’ltirt
995 3646 1025 3708 in
1048 3645 1102 3708 der
1116 3643 1257 3730 aninger
1273 3645 1506 3730 Augelegerthet't
1527 3649 1593 3709 einr

325 3738 418 3791 eund.
437 3725 608 3812 Verlegnng
630 3728 680 3792 des
696 3728 864 3794 Kortventes
887 3731 918 3794 in
942 3733 1005 3794 rura
1027 3731 1139 3795 andere
1157 3730 1245 3796 stadt
1267 3731 1341 3816 ⁰httt
1359 3730 1593 3818 Gertelnrtt‘gnng

324 3813 373 3877 des
397 3812 701 3900 Prouinzinlltnpitels
744 3823 782 3880 tir
811 3815 939 3900 nichtig,
965 3829 1105 3902 gestattet
1133 3817 1267 3902 dagegen
1296 3817 1485 3883 Uberaohrue
1513 3821 1593 3883 einer

324 3899 440 3964 andero
464 3898 586 3984 Platzes
608 3901 639 3966 in
663 3900 711 3992 ΖοΙ
730 3925 817 3988 ngen.
864 3899 990 3990 (1289.)

430 4002 627 4069 Commissio
644 4003 682 4072 ad
706 4004 902 4071 tractandum
921 4029 992 4072 cum
1011 4007 1170 4072 canonicis
1186 4008 1447 4092 Zouingensibns.
1481 4009 1592 4075 Nove--

324 4091 406 4172 ritis,
431 4089 532 4178 quod,
561 4091 586 4156 si
609 4114 665 4178 per
688 4093 771 4158 viam
796 4095 1020 4180 compromissi
1044 4093 1094 4160 vel
1117 4093 1222 4160 iudicii
1251 4117 1307 4160 seu
1330 4095 1445 4161 arbitrii
1473 4096 1589 4183 aliquid

324 4176 545 4264 temptandum
570 4192 631 4260 est,
661 4179 748 4246 nullo
772 4179 872 4246 modo
898 4179 1016 4247 debetis
1040 4181 1090 4248 vel
1119 4183 1251 4268 potestis
1275 4183 1307 4248 in
1334 4182 1448 4270 aliquid
1472 4183 1588 4249 horum

324 4263 480 4332 deducere
501 4278 617 4332 statum
635 4265 762 4347 domus,
783 4267 928 4334 videlicet
944 4268 1030 4356 quod
1047 4281 1259 4350 removeatur,
1283 4291 1355 4335 nam
1373 4271 1435 4336 hoc
1452 4272 1591 4357 pertinet

324 4351 362 4418 nd
379 4353 548 4439 capitulum
564 4353 767 4439 provinciale,
784 4366 815 4420 et
830 4355 917 4442 quod
933 4367 1043 4422 contra
1060 4355 1176 4421 factum
1193 4355 1294 4436 fuerit,
1311 4355 1449 4423 decerno
1466 4358 1587 4422 irritum

325 4451 355 4506 et
378 4440 481 4506 inane.
520 4439 553 4505 Si
576 4452 683 4506 autem
707 4439 747 4506 de
770 4440 854 4522 loc0,
878 4443 909 4506 in
933 4465 997 4530 quo
1023 4465 1107 4508 nunc
1127 4455 1184 4523 est,
1208 4465 1340 4530 usquam
1363 4446 1591 4530 transponitur,

323 4527 356 4592 in
380 4526 496 4592 eodem
520 4539 627 4594 tamen
652 4527 750 4614 opido
774 4551 992 4614 permansura,
1020 4531 1132 4597 ceteris
1155 4529 1279 4616 paribus
1302 4532 1419 4617 poterit
1442 4530 1591 4597 tollerari.

323 4614 393 4679 Nec
416 4613 593 4695 confidatis
618 4613 704 4702 quod
727 4614 862 4702 aliquam
886 4619 1083 4704 reputatione
1100 4617 1229 4703 dignanr
1251 4616 1499 4684 satisfactionem
1522 4619 1590 4684 sitis

230 4706 243 4770 ’,
300 4723 381 4788 ‚pro
414 4700 504 4768 illatis
535 4700 625 4769 vobis
657 4702 777 4768 iniuriis
810 4703 952 4772 habituri.
1005 4705 1089 4771 Nam
1121 4703 1198 4770 tales
1227 4703 1374 4770 molestie
1407 4704 1589 4771 submoveri

324 4787 637 4875 compensationibus
667 4804 910 4860 consueverunt.
957 4790 1058 4870 Quod
1081 4793 1166 4857 eninr
1190 4814 1249 4859 vos
1272 4791 1412 4858 dixeritis
1436 4815 1589 4880 magnum

324 4896 403 4954 esse,
427 4875 469 4938 illi
493 4873 657 4940 modicum
681 4877 886 4962 reputabunt,
910 4889 941 4942 et
965 4877 1051 4962 quod
1075 4877 1116 4942 illi
1140 4900 1293 4962 magnum
1317 4901 1376 4944 vos
1398 4889 1457 4944 etc.
1504 4877 1591 4943 Nulli
