3828 5590
1443 607 1465 676 J·
1489 608 1631 676 ¹2⁶7·70-

979 759 1027 828 27.

472 885 540 951 Der
556 883 735 969 Provinrial
756 883 857 949 tendet
880 884 928 948 ein
950 881 1188 949 Trostschreiben
1212 884 1326 949 andan
1347 886 1539 972 gasangenen
1554 887 1630 972 Er(-

367 972 486 1060 bischof
497 969 676 1060 (Eugelbert
690 971 746 1060 lt.)
769 993 828 1036 von
852 969 943 1036 Karta.
983 967 1090 1056 (Nacb
1116 972 1198 1055 1267
1228 967 1358 1038 Ottoter
1384 974 1424 1037 18
1447 977 1630 1066 vor127u.)

472 1077 722 1164 Archiepiscopo
748 1075 936 1141 Coloniensi
959 1075 1175 1162 provincialis,
1199 1098 1272 1142 cum
1296 1089 1404 1164 captus
1428 1090 1511 1145 esset
1534 1079 1631 1145 archi-

367 1167 533 1254 episcopus
557 1162 652 1230 idem.
687 1162 875 1228 Detentioni
897 1173 1001 1229 vestre
1026 1172 1058 1228 et
1080 1160 1218 1228 adversis
1242 1185 1280 1228 ex
1304 1185 1339 1229 ea
1361 1164 1631 1250 provenientibus,

365 1251 483 1318 scilicet
506 1249 701 1316 desolacioni
720 1248 933 1328 ecclesiarum,
958 1249 1158 1335 oppressioni
1180 1270 1365 1336 pauperum,
1390 1250 1568 1339 calumpnie
1584 1253 1631 1318 in·

365 1349 551 1418 nocentum,
575 1337 700 1416 intimo,
723 1353 758 1401 ut
774 1345 912 1420 oportet,
937 1336 1115 1421 compatior
1131 1358 1169 1401 ex
1185 1335 1298 1402 affectu
1322 1348 1353 1403 et
1368 1335 1406 1402 ab
1422 1337 1485 1404 alto
1503 1338 1630 1405 trahens

364 1426 496 1512 suspiria
527 1425 588 1510 jam
622 1445 748 1488 causam
782 1444 854 1486 curn
888 1423 1111 1507 omnipotente
1139 1421 1329 1488 vermiculus
1365 1425 1452 1510 agito
1491 1436 1521 1491 et
1549 1444 1630 1491 terra

363 1511 465 1598 pulvis
488 1533 524 1576 ac
547 1510 625 1575 cinis
649 1531 717 1574 non
741 1530 831 1574 cesso
855 1530 975 1593 ponere
999 1531 1072 1573 cum
1095 1506 1248 1574 altissimo
1277 1511 1425 1576 rationes.
1473 1511 1539 1576 Cur
1562 1534 1629 1576 non

364 1615 527 1684 exsurgat,
558 1618 613 1662 cur
636 1593 833 1674 obdormiat,
863 1617 959 1682 quare
986 1596 1089 1661 ventis
1113 1617 1180 1660 non
1208 1596 1252 1660 im
1276 1607 1357 1677 eret,
1385 1615 1515 1684 propter
1543 1598 1628 1685 quod

363 1684 476 1751 fluctus
500 1683 557 1749 feri
572 1682 667 1748 maris
690 1703 758 1746 non
773 1679 942 1762 tabefaciat,
966 1703 1060 1768 qnam
1083 1681 1124 1746 ob
1140 1703 1207 1748 rem
1232 1618 1273 1748 ad
1286 1683 1484 1770 iniquitatem
1500 1684 1628 1751 mundis

363 1770 463 1838 oculis
491 1791 560 1835 non
587 1769 731 1856 respiciat
759 1765 960 1834 concultante
988 1769 1087 1854 impio
1117 1769 1313 1854 justiorem.
1339 1822 1346 1836 .
1372 1821 1379 1836 .
1413 1771 1482 1836 Vos
1511 1783 1627 1852 autem,

361 1855 548 1924 venerabilis
576 1853 724 1934 domine,
754 1852 957 1942 sacerdot(il)
987 1854 1106 1936 bonor,
1136 1877 1265 1940 gemma
1294 1855 1499 1944 pontificum,
1532 1857 1628 1924 decus

363 1944 576 2022 ecclesiarum,
600 1940 846 2008 stabilimentum
870 1942 990 2027 populi,
1014 1942 1143 2007 scientia
1166 1941 1256 2022 forti,
1285 1945 1479 2010 conscientia
1502 1943 1625 2011 fortiori

361 2033 444 2097 inter
466 2028 589 2096 vincula
613 2045 644 2094 et
668 2049 806 2094 carceres
831 2080 838 2093 .
864 2079 871 2092 .
897 2079 904 2093 .

466 2167 522 2222 Fol.
542 2166 612 2221 60v.
649 2165 807 2220 Erzbischof
822 2165 967 2236 Engelbert
992 2165 1083 2218 wurde
1105 2165 1170 2236 1267
1191 2165 1312 2220 Olrtober
1332 2169 1363 2220 18
1387 2169 1413 2220 in
1432 2168 1479 2220 der
1500 2169 1624 2222 Schlacltt

361 2274 414 2311 von
434 2255 542 2328 Zulpich
561 2257 609 2308 mit
632 2254 694 2308 dem
713 2253 838 2307 bischofe
857 2253 950 2306 Simon
975 2270 1027 2306 von
1047 2253 1199 2307 Paderbom
1222 2271 1286 2307 vonr
1305 2254 1417 2307 Bischof
1432 2254 1553 2308 Gerhard
1571 2273 1624 2309 von

360 2345 481 2400 thster
498 2343 552 2398 und
570 2345 663 2398 seinen
681 2341 871 2396 Verbundeten
890 2340 1033 2412 getangen.
1061 2341 1141 2396 Seine
1154 2340 1323 2411 Freilassung
1342 2341 1456 2413 ersolgte
1476 2351 1528 2397 erst
1542 2342 1623 2396 Fruti-

358 2434 416 2506 Jalrr
437 2449 512 2503 1²71·
549 2431 611 2503 Vgl.
631 2431 761 2498 Seibertz‚
786 2429 903 2484 Laudes-
923 2429 976 2483 und
994 2430 1251 2501 lleclrtsgesclticlrte
1270 2430 1317 2484 des
1336 2431 1514 2503 lleraogtums
1534 2432 1623 2486 West·

359 2522 429 2576 falen
448 2521 494 2589 111,
515 2537 560 2590 151
584 2520 610 2575 ff.
647 2520 727 2574 Doch
746 2520 843 2590 gehon
863 2518 908 2572 das
927 2518 1072 2572 Schreiben
1091 2519 1178 2573 seiner
1196 2519 1317 2590 Stellung
1335 2521 1404 2574 nach
1422 2537 1471 2575 vor
1493 2537 1567 2590 1270.

968 2675 1019 2746 28.

464 2802 525 2866 Die
539 2801 660 2886 Biirger
682 2801 736 2865 cler
753 2800 841 2865 stadt
858 2797 968 2888 (Beria)
992 2799 1083 2864 litun
1106 2799 1163 2864 den
1179 2800 1358 2884 Provinaial
1375 2799 1546 2890 (Edrmutd)
1570 2825 1620 2866 utu

363 2876 578 2972 Ubersendang
592 2909 652 2951 von
667 2885 909 2950 Dorninikanern
925 2909 982 2970 ptr
1000 2885 1174 2971 Griindung
1190 2887 1268 2950 eines
1284 2886 1419 2951 Klosters
1434 2887 1498 2951 und
1511 2889 1620 2952 weisen

358 2977 442 3039 einen
465 2972 556 3057 Prata
577 2995 648 3057 anm
671 2971 740 3036 Bau
763 2971 814 3036 des
837 2971 971 3036 Klosters
993 2992 1034 3035 an
1058 2968 1183 3060 (1269).

461 3075 649 3142 Provinciali
661 3073 737 3141 tales
751 3075 845 3141 cives.
869 3074 976 3140 Eterni
989 3075 1083 3160 patris
1094 3073 1256 3141 invisibilis
1268 3072 1348 3140 filius
1359 3097 1415 3161 per
1427 3087 1619 3162 assumptam

356 3162 493 3229 formam
514 3163 596 3230 servi
612 3163 644 3228 in
668 3159 779 3228 mundi
795 3159 867 3227 foro
883 3173 1029 3228 vacantes
1045 3162 1118 3227 ocio
1135 3159 1314 3228 conducere
1330 3160 1430 3229 voluit
1446 3185 1484 3228 ex
1500 3161 1619 3229 denarii

357 3251 577 3318 convencione
594 3249 706 3331 diurni,
729 3260 764 3314 ut
787 3249 968 3316 excolerent
992 3247 1140 3316 ecclesiae
1156 3249 1283 3316 vineam
1307 3261 1337 3316 et
1353 3248 1461 3316 fideles
1481 3251 1618 3336 rigarent

355 3338 570 3427 plantaciones
593 3361 672 3426 aqua
695 3337 852 3424 sapiencie
883 3337 1032 3404 salutaris.
1079 3337 1132 3402 Hii
1155 3348 1229 3404 sunt
1252 3335 1447 3404 dilectissimi
1470 3337 1562 3404 nobis
1585 3340 1617 3405 in

356 3425 485 3493 Christo
508 3424 618 3492 fratres
634 3424 753 3491 ordinis
769 3425 875 3505 vestri,
899 3426 951 3512 qui
974 3424 1052 3491 hora
1071 3426 1242 3492 novissima
1261 3424 1408 3491 destinati
1429 3439 1619 3492 convertunt

355 3513 451 3579 corda
474 3512 612 3578 filiorum
641 3513 673 3576 in
702 3530 847 3598 parentes
872 3511 963 3578 etad
992 3515 1147 3596 justorum
1170 3511 1375 3598 prudenciam
1403 3511 1617 3598 inprudentes.

355 3597 505 3678 Quorum
534 3599 654 3664 meritis
684 3597 831 3684 provehi,
866 3599 1016 3684 exemplis
1045 3599 1165 3664 institui
1193 3617 1224 3664 et
1255 3597 1407 3664 doctrinis
1436 3601 1618 3685 promoveri

353 3708 445 3752 more
473 3685 602 3750 aliarum
631 3685 807 3764 civitatum,
842 3685 895 3771 qui
926 3684 965 3751 de
998 3683 1174 3751 eorundem
1204 3684 1334 3752 fratrum
1368 3696 1479 3751 sancto
1508 3701 1618 3752 contu-

353 3770 465 3837 bernio
495 3771 683 3858 gloriantur,
712 3794 772 3836 nos
800 3771 873 3836 licet
902 3772 1024 3858 indigni
1051 3772 1172 3838 avidius
1201 3774 1362 3859 cupientes
1392 3771 1616 3838 discretionem
1713 3838 1716 3846 ,

353 3870 490 3924 vestram
523 3858 682 3924 humiliter
713 3857 923 3944 inploramus,
956 3871 1109 3946 quatenus
1140 3858 1273 3925 eosdem
1301 3859 1385 3945 pacis
1416 3858 1546 3944 angelos
1577 3859 1616 3925 ad

352 3957 462 4012 nostre
486 3946 617 4012 civitatis
640 3947 804 4031 piscinam,
828 3945 895 4026 ubi,
919 3945 1006 4033 quod
1030 3945 1140 4025 dicere
1158 3945 1268 4032 pudet,
1292 3949 1371 4013 iacet
1394 3946 1615 4031 languencium

352 4031 533 4113 multitudo,
558 4055 616 4119 pro
632 4031 811 4119 recipienda
827 4032 943 4098 ibidem
961 4033 1061 4099 dorno
1085 4035 1210 4100 mittere
1226 4035 1413 4122 quantocius
1429 4035 1613 4120 procuretis.

352 4120 389 4186 Et
414 4131 447 4187 ut
462 4119 651 4205 intelligatis,
676 4120 756 4186 hanc
772 4121 980 4188 vocacionem
1003 4122 1069 4187 sive
1085 4122 1277 4206 peticionem
1297 4133 1436 4188 totarum
1453 4121 1614 4186 mencium

351 4205 525 4293 procedere
555 4229 593 4272 ex
616 4207 745 4288 affectu,
775 4206 882 4273 locum
908 4259 914 4272 .
940 4261 946 4274 .
972 4209 1167 4293 assignamus
1195 4231 1253 4295 pro
1277 4211 1445 4274 mansione
1472 4206 1615 4274 fratribus

350 4295 536 4360 memoratis
560 4293 597 4359 ab
621 4295 710 4360 omni
739 4295 933 4380 inpeticione
955 4295 1085 4361 liberam
1115 4315 1146 4361 et
1169 4295 1362 4376 immunem,
1391 4297 1423 4360 in
1451 4294 1518 4361 aliis
1542 4317 1613 4376 nos,

347 4380 563 4448 vdevocionem
588 4393 730 4448 nostram
759 4381 859 4448 taliter
882 4383 1101 4463 monstraturi,
1130 4382 1216 4471 quod
1243 4381 1362 4449 infide
1388 4384 1553 4462 virtutem,
1581 4384 1613 4448 in

348 4469 463 4536 virtute
485 4467 672 4558 p(ietatem)
696 4471 729 4535 in
752 4467 903 4558 p(ietate)
920 4469 1119 4537 fraternitatis
1135 4493 1247 4538 eorum
1270 4493 1414 4536 amorem
1435 4471 1613 4536 ministrare

348 4579 407 4642 pro
430 4569 539 4657 nostra
562 4555 767 4642 possibilitate
790 4557 896 4623 modis
920 4556 1069 4623 omnibus
1092 4557 1349 4645 comprobemur.
1388 4558 1424 4623 In
1454 4558 1545 4624 huius
1569 4559 1613 4624 tei

349 4663 579 4709 testimonmm.

453 4783 509 4836 Fol.
529 4789 571 4837 51.
609 4784 650 4836 Da
670 4783 712 4836 die
732 4783 818 4836 Briese
844 4802 876 4836 an
901 4784 951 4836 den
971 4785 1084 4837 Biscltof
1105 4802 1158 4838 von
1178 4785 1316 4837 lausanae
1341 4785 1395 4836 und
1419 4785 1460 4836 die
1479 4784 1612 4837 Deutsclr·

348 4869 542 4920 ortlensbrt'uler
561 4871 586 4920 iu
608 4871 675 4921 ttern
696 4869 786 4936 fulgen
808 4871 904 4922 tandin
925 4880 1035 4922 ersterm
1060 4872 1106 4923 aul
1122 4872 1168 4922 das
1188 4871 1313 4938 :lnge-bot
1339 4873 1411 4922 eines
1431 4871 1534 4922 l'lataes
1554 4871 1610 4922 ltin·
