3822 5592
223 580 225 586 '
322 587 381 652 152
902 583 996 638 Briese.
1463 581 1485 653 J.
1509 584 1585 658 ¹²89·,

317 741 421 822 faciat,
449 743 528 808 sicut
551 739 703 821 voluerit,
727 740 896 826 provideri.
943 741 980 806 Et
1004 741 1048 806 sic
1078 738 1252 806 carebimus
1277 739 1467 827 opprobri0,
1495 740 1580 828 quod

317 828 532 894 Predicatores
556 825 720 893 ecclesiam
745 828 880 894 emerint
904 851 976 893 cmn
993 838 1080 892 curte
1104 849 1162 912 pro
1179 827 1237 891 XL
1253 828 1377 906 marcis,
1401 849 1462 926 que
1478 828 1579 912 possit

316 915 377 979 XII
400 936 552 1000 personas
574 936 720 998 pascere;
752 935 862 978 vetum
887 925 935 978 est
958 935 1147 998 pauperum,
1175 912 1340 977 frisonico
1364 935 1416 999 qur
1448 912 1526 978 lacte
1550 927 1580 980 et

317 1022 397 1085 pane
421 999 577 1064 ordeaceo
601 1011 674 1065 sunt
698 1001 851 1063 contenti.
886 998 936 1063 Ad
960 997 1079 1062 dictum
1102 996 1241 1077 fratrem,
1264 999 1290 1062 si
1314 999 1444 1062 narratis
1467 1000 1581 1064 veritas

316 1084 512 1170 suffragatur,
536 1086 650 1150 iterum
674 1107 727 1148 me
752 1096 922 1164 conserto,
945 1082 1035 1149 vobis
1059 1081 1198 1150 districte
1222 1085 1405 1168 iniungens,
1429 1103 1581 1170 quatenus

318 1173 420 1258 ipsum
433 1193 488 1257 per
500 1170 715 1236 obedientiam
729 1171 849 1255 cogatis
866 1169 966 1236 redire
983 1172 1051 1234 siue
1067 1191 1157 1234 mora
1170 1169 1201 1233 in
1213 1169 1387 1254 Hamburg,
1405 1169 1456 1234 ubi
1470 1171 1581 1236 missus

317 1269 378 1337 est;
402 1280 496 1343 quam
513 1255 726 1322 obedientiam
743 1258 769 1320 si
785 1258 1022 1342 contempserit,
1047 1278 1161 1341 penam
1178 1260 1240 1320 luat
1256 1267 1391 1322 taxatam
1416 1257 1449 1319 in
1466 1257 1581 1322 consti·

316 1342 501 1421 tutionibus,
525 1365 619 1428 quam
636 1353 745 1408 contra
762 1365 795 1407 se
812 1343 973 1428 aggravari
988 1342 1107 1407 senciat
1124 1361 1155 1408 et
1171 1343 1285 1422 iterari,
1310 1340 1413 1406 donec
1431 1343 1493 1407 vite
1510 1365 1581 1428 pro·

318 1430 383 1514 prie
407 1427 540 1494 modum
566 1441 679 1514 ponat;
704 1427 852 1493 omnibus
876 1429 1003 1514 insuper
1028 1480 1034 1494 .
1060 1480 1068 1494 .
1101 1427 1248 1493 arioribus
1272 1440 1437 1493 eteorum
1463 1430 1583 1494 vicariis

317 1515 429 1601 ipsum,
453 1517 478 1580 si
495 1515 533 1580 ad
550 1537 606 1580 eos
622 1516 729 1582 venire
746 1514 867 1595 audeat,
891 1517 1052 1582 retinere.¹
1083 1451 1184 1594 (laod
1200 1516 1226 1580 si
1243 1513 1331 1581 devia
1348 1517 1436 1602 sequi
1454 1518 1580 1602 ceperit,

316 1623 476 1690 tamquam
508 1603 587 1669 intra
611 1603 807 1689 provinciam
830 1602 880 1668 vel
904 1614 988 1669 extra
1017 1625 1117 1668 conce
1140 1603 1237 1668 tionis
1260 1625 1316 1667 sue
1346 1601 1456 1668 auxilia
1480 1605 1582 1690 quesi-

316 1701 413 1771 turus,
438 1701 511 1778 post
527 1692 629 1778 ipsum
646 1690 760 1756 mittite
776 1689 826 1757 vel
850 1691 930 1756 circa
954 1691 1057 1792 ipsum
1074 1625 1218 1756 ordinate
1242 1688 1351 1756 fideles
1368 1702 1399 1756 et
1416 1690 1580 1778 expeditos

316 1777 633 1932 arpinisdzelatoreql,
652 1778 716 1930 ¹qui
742 1777 781 1844 de
810 1776 898 1844 lactis
926 1801 989 1844 stus
1020 1777 1160 1843 delerant
1189 1775 1357 1844 deferenda
1386 1798 1417 1844 et
1447 1777 1582 1845 referant

316 1887 437 1932 reeren
462 1889 478 1932 a
503 1919 510 1932 .
536 1919 543 1932 .
569 1918 576 1930 .
633 1877 723 1932 aete.

422 2048 430 2078 ¹
449 2040 486 2092 So
499 2040 550 2092 HS.
564 2039 599 2092 W
601 2037 795 2092 aluscheinliclr
806 2055 837 2090 au
850 2046 953 2091 setzen:
973 2039 1141 2108 (iniungens)
1155 2039 1275 2108 quatinus
1289 2041 1375 2108 ipsum
1390 2040 1580 2094 ...retineant

421 2194 476 2249 For.
499 2205 584 2264 177v.

917 2366 981 2435 138,

420 2491 627 2576 Bertinmuutg
650 2490 700 2556 des
717 2490 910 2576 Provinqialr
931 2514 1034 2576 attagen
1059 2492 1137 2556 elates
1152 2490 1305 2578 Hospiaes.
1338 2491 1427 2556 Killa.
1453 2488 1579 2581 (1289.)

421 2594 590 2662 Ordinatio
619 2594 819 2682 provincialis
849 2594 888 2661 de
918 2593 1057 2682 quodam
1086 2595 1236 2682 hospitio.
1293 2595 1375 2662 Cum
1407 2595 1579 2682 hospitium

316 2684 346 2748 in
372 2735 379 2748 .
405 2735 412 2748 .
437 2682 580 2748 iratribus
596 2682 744 2748 collatum
769 2684 808 2749 sit
832 2684 943 2749 intuitu
967 2682 1100 2768 pietatis,
1124 2705 1190 2748 non
1215 2681 1253 2748 ad
1278 2682 1407 2748 abusum
1424 2685 1578 2764 vanitatis,

316 2781 417 2835 vestre
441 2769 622 2836 discretioni
646 2771 816 2835 committo
841 2771 952 2854 paritet·
976 2781 1006 2834 et
1031 2770 1174 2854 iniungo,
1198 2782 1351 2856 quatenus
1375 2793 1440 2834 nou
1461 2771 1578 2849 sinatis,

315 2854 401 2941 quod
424 2854 516 2940 aliqui
540 2854 648 2920 fratres
672 2854 787 2920 domus
804 2868 906 2920 vestre
923 2855 971 2919 vel
995 2856 1208 2940 cuiuscunque
1232 2855 1357 2920 alterius
1380 2855 1458 2920 ultra
1483 2878 1576 2920 uuam

316 2951 446 3005 noctem
469 2941 500 3005 in
519 2940 634 3006 eodem
652 2941 790 3090 hospitio
807 2941 856 3006 vel
874 2953 958 3006 extra
982 2929 1155 3026 hospitium
1173 2942 1204 3006 iu
1221 2939 1340 3041 oppido
1359 2939 1576 3028 (moruutur?)

316 3028 428 3091 nisiex
445 3049 536 3091 causa
559 3026 734 3092 rationabii
758 3050 848 3092 secus
865 3026 926 3093 liat.
966 3027 998 3092 Si
1014 3029 1066 3114 qui
1089 3040 1194 3094 anatem
1212 3027 1253 3093 ibt
1278 3050 1400 3092 ntorum
1417 3029 1576 3106 traxerint,

315 3113 455 3199 hospites
483 3115 694 3199 gravaverint,
729 3113 859 3199 beginas
887 3114 935 3178 vel
966 3113 1120 3179 moniales
1150 3116 1355 3194 visitaverint,
1385 3113 1433 3179 vel
1461 3113 1575 3202 aliquid

314 3198 397 3264 aliud
419 3198 570 3265 indecens
592 3200 642 3265 vel
665 3199 832 3285 displicens
855 3202 987 3286 egerint,
1011 3201 1097 3287 ipsos
1121 3223 1176 3287 per
1191 3224 1250 3267 vos
1273 3200 1322 3266 vel
1346 3201 1466 3287 priores
1489 3224 1575 3281 sum,

314 3287 414 3353 sivos
438 3288 603 3367 evaserint,
626 3289 725 3352 acrius
741 3287 914 3374 corrigatis,
939 3299 969 3353 et
992 3289 1017 3352 si
1033 3289 1115 3353 vires
1130 3300 1247 3354 vestras
1265 3289 1442 3368 excesserit,
1466 3286 1504 3354 ad
1524 3313 1576 3354 me

314 3372 364 3439 vel
387 3372 425 3440 ad
448 3375 599 3442 vicarium
623 3372 771 3440 referatis.
819 3375 935 3440 Datum
961 3373 1108 3440 Colonie.

420 3548 476 3602 Fol.
498 3550 546 3618 178
556 3561 581 3602 v.

917 3722 982 3790 lat.

420 3845 598 3930 Proviuzial
626 3843 817 3932 (Hermann)
849 3846 1007 3931 verteidigt
1042 3848 1135 3910 ciuem
1169 3846 1300 3932 Adligeu
1332 3847 1501 3933 genearum·
1530 3847 1578 3912 die

319 3933 500 4020 Versetqung
529 3931 680 3997 induerer
710 3931 895 3997 Scinaesma
928 3929 999 4017 (aras
1032 3933 1076 3996 W
1074 3933 1229 3997 iaalerstedt
1257 3956 1314 4018 (ur
1343 3915 1578 4019 nleugrmduag

313 4017 364 4083 des
387 4019 520 4085 Klosters
543 4021 574 4084 in
598 4017 824 4106 Halirrstudl).
872 4014 999 4107 (1289.)

421 4125 599 4212 Responsio
627 4122 827 4210 provincialis
856 4121 895 4188 ad
929 4121 1087 4210 quendam
1118 4121 1286 4188 domiuum
1323 4146 1417 4210 super
1444 4125 1577 4209 negotio

335 4209 463 4276 nodam.
511 4210 594 4276 Cum
621 4211 753 4275 honoris
777 4211 871 4276 vestri
899 4232 1025 4296 semper
1049 4209 1210 4275 dilexerim
1235 4212 1481 4290 incrementum,
1510 4233 1577 4274 non

313 4233 401 4362 lacile
418 4295 502 4362 credi
525 4307 640 4381 potest,
664 4295 750 4382 quod
768 4294 882 4383 aliquid
906 4297 1127 4382 temptaverint
1144 4296 1193 4361 vel
1209 4297 1328 4380 egerim
1349 4297 1380 4360 iu
1396 4317 1576 4361 vestrorum

313 4381 519 4468 preludicium
553 4383 739 4448 amicorum.
786 4380 947 4470 Siquidem
978 4380 1138 4448 translatio
1170 4383 1264 4468 partis
1294 4403 1441 4447 sororum
1473 4380 1544 4447 de.
1570 4435 1576 4447 .

313 4469 403 4536 vobis
426 4494 491 4536 non
517 4471 619 4556 potuit
650 4493 717 4535 esse
742 4471 920 4556 incognita,
950 4480 1060 4554 utpote
1085 4471 1227 4553 negociis
1251 4467 1447 4534 evidentibus
1475 4467 1577 4554 plena,

313 4557 463 4646 adquam
487 4558 655 4623 necessitas
672 4556 835 4642 compulit,
857 4557 970 4621 utilitas
990 4557 1050 4619 iarn
1069 4554 1163 4635 uude,
1187 4554 1272 4654 quod
1288 4555 1442 4640 legittime
1460 4553 1575 4620 lactum

314 4656 375 4725 est,
399 4646 486 4731 argui
512 4666 578 4710 uon
603 4655 751 4708 meretur.
797 4641 1043 4707 'l‘ransl'eruntur
1067 4642 1222 4728 episcopi,
1252 4641 1359 4727 prelati
1385 4654 1415 4707 et
1438 4641 1576 4726 religiosi

313 4730 435 4798 assidue
458 4731 497 4798 de
521 4742 602 4797 statu
618 4728 656 4795 ad
679 4741 806 4809 statum,
831 4727 869 4794 de
893 4727 966 4794 loco
982 4727 1020 4794 ad
1043 4727 1151 4794 locum
1176 4739 1206 4794 et
1230 4726 1269 4794 de
1293 4751 1394 4814 regno
1419 4727 1457 4794 ad
1477 4751 1576 4814 popu-

313 4817 377 4884 lum
401 4818 533 4885 alterum
557 4828 588 4887 et
616 4815 717 4882 nullus
741 4816 837 4902 priori
868 4815 941 4880 loco
965 4817 1089 4901 cogitur
1113 4814 1231 4880 dicere:
1263 4815 1331 4880 Hec
1355 4815 1478 4902 requies
1507 4838 1576 4880 inea
