3822 5592
280 638 303 706 J.
326 639 399 709 1289.
870 639 965 694 Briele.
1361 680 1363 684 Α
1484 645 1541 710 133

282 795 382 876 Hanc,
406 796 431 860 si
453 818 561 861 verum
587 807 644 876 est,
668 797 745 862 milri
769 798 975 884 penitentiam
999 798 1175 864 reservetis.
1211 798 1316 864 Frater
1339 796 1544 878 Hnmbertus,

282 881 333 966 qui
367 883 585 947 auctoritatem
614 880 671 946 sibi
705 884 865 968 usurpavit
892 884 923 947 in
956 881 1098 948 fraudem
1126 882 1315 969 simplicium
1344 882 1544 963 feminarum,

281 965 438 1033 audiendo
455 967 682 1048 confessiones,
703 969 735 1034 in
760 967 880 1035 erendo
897 968 1112 1050 confusiones,
1136 992 1209 1034 nam
1226 967 1309 1034 nulla
1324 967 1421 1036 fretus
1437 981 1545 1036 aucto-

281 1055 370 1120 ritate
386 1055 548 1122 venientes
564 1055 602 1121 ad
619 1078 652 1121 se
669 992 801 1122 invoivit
825 1057 935 1144 pocius
951 1080 1045 1145 quam
1062 1055 1204 1137 absolvit,
1229 1067 1275 1122 est
1299 1079 1354 1143 per
1370 1081 1428 1123 vos
1444 1058 1544 1124 acrius

282 1141 497 1229 corrigendus.
550 1144 610 1209 Cui
639 1144 719 1210 inter
755 1155 857 1210 cetera
889 1145 1073 1232 iniungatis,
1130 1143 1194 1210 uod
1231 1144 1343 1211 scribat
1373 1147 1542 1212 conventui

281 1253 426 1296 sororum
451 1229 677 1318 predictarum,
708 1231 794 1320 quod
818 1231 934 1298 nullam
959 1168 1142 1300 absolvendi
1166 1256 1217 1299 eas
1241 1231 1347 1299 habuit
1369 1231 1542 1321 legitimam

281 1329 486 1405 potestatem,
516 1318 628 1386 deinde
653 1331 702 1401 ut,
726 1321 758 1386 in
783 1344 846 1409 quo
871 1320 1014 1410 deliquit,
1039 1321 1198 1408 puniatur,
1223 1322 1324 1409 ipsum
1350 1323 1543 1410 restringatis

280 1430 296 1470 a
314 1405 565 1474 confessionibus
588 1406 751 1474 audiendis
768 1420 799 1475 et
814 1433 831 1474 a
847 1411 990 1476 terminis
1006 1407 1225 1476 Basiliensibus
1241 1408 1414 1492 visitandis,
1439 1409 1543 1477 donec

281 1517 335 1580 per
359 1519 410 1562 me
434 1495 483 1562 vel
507 1497 655 1562 vicarium
682 1497 799 1562 restitui
826 1509 982 1564 mereatur
1007 1551 1013 1562 .
1040 1551 1045 1562 .
1073 1550 1079 1563 .
1104 1498 1221 1563 Datum
1245 1499 1454 1584 Hagenowie.

385 1671 440 1724 Fol.
463 1670 547 1725 162v.
585 1671 655 1725 Erbo
675 1690 727 1742 zog
746 1673 803 1725 sicli
822 1671 860 1725 als
880 1673 1071 1744 Parteiga'nger
1089 1672 1135 1725 der
1155 1672 1331 1726 elsassisclren
1344 1672 1434 1726 Stadte
1453 1689 1542 1743 gegen

280 1759 369 1828 lionig
388 1758 472 1812 adolf
487 1776 539 1812 von
558 1759 661 1812 Nassau
682 1761 740 1812 eine
760 1761 863 1813 hartere
883 1759 968 1813 Strase
987 1778 1033 1825 zu;
1053 1760 1105 1830 vgl.
1126 1769 1215 1813 unten.
1249 1759 1347 1813 Bruder
1361 1761 1491 1813 Humbert
1511 1761 1543 1812 ist

280 1845 411 1898 vielleiclrt
425 1845 552 1911 derselbe,
567 1864 598 1898 an
613 1846 663 1898 den
675 1847 810 1899 Hermann
825 1846 913 1899 lrt'rlrer
927 1848 1004 1898 einen
1017 1846 1176 1899 liebevollen
1187 1846 1260 1899 liries
1270 1847 1373 1900 sclarieb
1384 1846 1440 1913 (sol.
1455 1858 1542 1916 rw).

881 2018 940 2084 112.

384 2141 561 2225 Provinriul
587 2139 778 2230 (Hermann)
807 2141 902 2206 tndelt
925 2141 972 2205 dic
997 2141 1182 2206 Sclrwesrrrn
1211 2163 1268 2206 von
1295 2141 1337 2206 St.
1362 2141 1544 2227 Margaretlr

279 2227 341 2300 (bei
365 2226 560 2316 Strasslnrrg)
590 2251 694 2315 wegerr
719 2228 904 2314 Eirrlussrrng
933 2229 986 2292 der
1010 2228 1184 2293 Mirrurr'terr.
1232 2229 1395 2314 Hagrrzorr.
1443 2226 1544 2316 (1289

281 2315 460 2404 Frrihjrrbr.)

384 2421 497 2508 Arguit
529 2422 709 2508 priorissam
742 2432 849 2487 sancte
872 2422 1040 2508 Margarite
1072 2423 1155 2488 iuxta
1178 2421 1388 2508 Argentinam
1417 2421 1545 2508 provin·

281 2508 381 2590 cialis,
416 2507 502 2597 quod
526 2509 669 2575 Minores
693 2509 835 2597 permisit
868 2510 982 2576 intrare
1012 2508 1191 2576 claustrum.
1237 2508 1378 2574 intellexi
1408 2507 1546 2595 pluribus

281 2595 357 2661 milri
374 2595 588 2677 referentibus,
611 2596 696 2684 quod
713 2620 802 2683 passa
819 2598 891 2662 estis
908 2598 1051 2663 Minores
1068 2595 1190 2682 ingredi
1207 2597 1375 2662 claustrum
1391 2609 1542 2676 vestrum,

280 2683 342 2769 qui,
366 2684 391 2748 si
415 2683 547 2838 alirppam
566 2695 599 2749 nt
622 2683 736 2749 medici
754 2695 950 2765 curaverunt,
974 2683 1102 2765 multos,
1127 2707 1297 2771 equorum
1321 2705 1457 2748 numero
1482 2705 1543 2769 ego

279 2773 471 2856 sum,gravi
493 2795 529 2836 us
553 2771 731 2836 vulneribus
755 2769 972 2837 conciderunt.
1021 2773 1068 2836 An
1095 2772 1237 2850 nescitis,
1267 2769 1353 2857 quod
1377 2771 1385 2834 i
1410 2771 1451 2835 sis
1475 2793 1541 2835 uon

280 2857 350 2922 licet
367 2856 488 2942 ingredi
505 2858 634 2922 claustra
652 2857 836 2922 monialium
862 2881 920 2922 nec
938 2857 1026 2922 vobis
1049 2857 1093 2922 las
1110 2857 1167 2922 luit
1184 2857 1349 2922 hominem
1366 2793 1542 2935 admittere,

279 2943 371 3009 etiann
388 2945 414 3009 si
430 2943 539 3010 fuisset
555 2946 742 3010 meritorum
758 2945 907 3032 suffragio
925 2943 1005 3010 clare
1021 2943 1124 3009 latare?
1158 2942 1210 3010 Ad
1226 2943 1299 3025 hoc,
1324 2967 1396 3009 cum
1414 2941 1541 3031 quidam

278 3030 415 3118 religiosi
445 3033 673 3119 persecutionis
702 3044 811 3099 nostre
842 3045 987 3120 tempore
1016 3032 1109 3098 nimis
1137 3033 1169 3097 in
1193 3043 1335 3098 nostram
1363 3044 1543 3120 grassentur

278 3121 431 3202 iniuriam,
456 3123 496 3187 ita
520 3139 553 3188 ut
570 3145 641 3187 cum
667 3132 778 3187 nostro
796 3120 975 3187 discrimine
999 3119 1249 3208 comprobentur
1265 3144 1337 3187 cum
1360 3119 1543 3187 adversariis

278 3215 488 3296 conspirasse,
520 3208 650 3296 dignum
681 3209 753 3292 luit,
784 3229 817 3276 ut
845 3211 955 3297 pocius
984 3208 1091 3276 talium
1124 3208 1242 3275 solacio
1272 3211 1418 3276 careretis
1448 3233 1541 3299 quam

277 3299 458 3385 suspitionis
476 3298 621 3364 nebulam
643 3300 752 3365 amicis
769 3297 888 3364 ordinis
906 3310 936 3365 et
953 3299 1156 3365 occasionem
1174 3299 1344 3364 murmuris
1360 3297 1542 3386 preberetis.

277 3387 348 3451 Hoc
378 3388 471 3473 igitur
499 3387 678 3453 scandalum
704 3387 833 3473 cupiens
861 3386 897 3452 ab
926 3385 1038 3452 ordine
1069 3409 1252 3466 removere,
1285 3385 1423 3452 districte
1451 3386 1542 3452 vobis

277 3475 426 3560 iniungn,
455 3486 607 3562 quatenus
631 3473 709 3539 infra
733 3497 878 3539 mensem
903 3497 955 3539 me
980 3472 1019 3538 de
1044 3472 1126 3538 lacto
1150 3496 1205 3559 per
1229 3472 1344 3539 litteras
1368 3485 1487 3539 vestras
1512 3485 1543 3539 et

278 3580 453 3626 conventus
478 3560 615 3626 debeatis
640 3560 770 3627 reddere
787 3562 965 3626 certiorem.
1006 3560 1155 3647 Alioquin
1181 3579 1291 3625 contra
1314 3583 1372 3625 vos
1396 3583 1452 3646 per
1469 3584 1541 3626 cen-

277 3670 380 3712 suram
404 3645 523 3713 ordinis
547 3646 719 3734 procedere
744 3671 809 3714 non
834 3647 1011 3713 obmittam.
1059 3648 1176 3712 Datum
1201 3648 1412 3734 Hagenowie.

382 3821 437 3874 Fol.
460 3822 543 3875 162v.
582 3823 671 3874 Sciron
698 3825 763 3890 1287
791 3821 861 3874 hatte
887 3823 932 3874 der
956 3821 1103 3892 piipstliclre
1123 3821 1207 3890 Legat
1226 3821 1361 3891 Jolrannes
1386 3821 1427 3874 die
1446 3822 1541 3875 Strals-

275 3909 371 3977 burger
384 3909 525 3962 Minoriten
544 3928 588 3961 zur
607 3918 746 3979 strengern
761 3909 953 3978 lieobaclrtung
971 3909 1017 3961 des
1037 3909 1192 3961 Interdilrtes
1212 3909 1401 3979 ausgelordert.
1432 3908 1540 3962 Strassb.

277 3995 330 4048 uss.
345 3995 377 4061 ΙΙ,
399 4011 455 4064 ¹31·
488 3997 517 4049 ln
532 3997 619 4049 einem
640 3997 785 4066 folgenden
798 3997 942 4049 Sclneiben
956 3995 1002 4050 sol.
1019 3996 1065 4065 163
1081 3995 1137 4049 teilt
1151 3996 1286 4048 Hermann
1306 3996 1357 4049 den
1371 3997 1541 4052 Schwestem

276 4099 328 4135 son
347 4084 384 4137 St.
404 4085 497 4154 Agnes
521 4085 583 4150 mit,
611 4101 639 4137 er
657 4083 747 4137 werde
772 4084 812 4136 ft'rr
838 4085 876 4136 sie
900 4085 978 4136 einen
1004 4084 1154 4138 besondern
1178 4085 1280 4155 Kaplan
1306 4084 1442 4139 anstellen.
1488 4087 1541 4137 Am

276 4169 378 4223 Sclrluls
397 4171 476 4223 heisst
499 4188 539 4223 es:
568 4172 626 4224 Nec
653 4173 723 4236 scio,
751 4172 812 4241 quid
831 4172 924 4224 debeat
952 4173 1031 4223 missa
1056 4167 1297 4236 anathematizatis,
1326 4173 1373 4224 nisi
1400 4172 1470 4241 quod
1493 4173 1541 4224 sibi

276 4257 433 4310 nrarnlueent
453 4257 584 4311 iudicium.

877 4413 937 4482 113.

307 4576 311 4586 ·
381 4536 557 4622 Prooirrrial
587 4535 778 4637 (Hermann)
809 4537 987 4625 tearurragr
1014 4539 1070 4604 den
1100 4540 1189 4605 Prior
1216 4560 1274 4604 von
1298 4539 1459 4626 Esslr'rrgerr
1486 4541 1541 4603 mit

276 4623 456 4710 Abstellrrrrg
471 4647 529 4688 von
545 4623 776 4712 Mafslrrriuchrn
793 4627 834 4690 im
852 4624 1085 4691 Frarrerrlrloster
1103 4626 1264 4692 Steirrheinr
1280 4627 1344 4691 and
1353 4627 1541 4713 Bestrafrrrrg

275 4710 327 4774 der
353 4711 538 4776 Srbroesterrr
561 4711 611 4776 des
637 4711 795 4777 Gnriirrder
818 4713 961 4778 Klosters.
1009 4713 1178 4801 Esslingrrr.
1227 4711 1353 4802 (1289.)

380 4817 480 4882 Priori
508 4816 685 4904 Ezlingensi
719 4817 918 4904 provincialis
953 4817 992 4884 de
1022 4819 1220 4884 correctione
1249 4817 1288 4885 de
1316 4818 1479 4884 Stenlreim
1510 4829 1541 4883 et

274 4903 401 4968 aliarum
419 4904 475 4969 sibi
493 4905 734 4970 commissarum
754 4959 760 4969 .
780 4958 786 4970 .
805 4906 888 4972 Cum
913 4905 1057 4972 sulficere
1074 4905 1222 4972 debuerat
1246 4905 1283 4970 ad
1301 4905 1434 4992 culpam,
1454 4903 1541 4992 quod
