3828 5590
920 601 1014 656 Briefe.
1478 601 1500 670 J.
1523 602 1596 656 1262.

953 789 982 858 t.

441 910 598 977 Kardinal
625 911 732 996 Httgo,
765 908 842 976 Ora.
875 910 1002 989 praee,
1032 908 1159 974 schreibt
1189 929 1230 974 an
1261 907 1318 973 ten
1352 906 1598 995 Ordensgeneral

336 997 487 1064 Humbcrt
502 997 566 1062 rtnd
586 998 634 1063 dic
649 996 946 1084 Provinqr‘alprioren
962 996 1035 1062 tiber
1049 995 1097 1061 die
1112 1017 1186 1060 cura
1202 995 1400 1074 rttoaialt‘um;
1421 998 1463 1061 sie
1483 994 1596 1061 litteren

336 1084 461 1150 diestlbe
479 1087 510 1150 in
533 1086 684 1150 weitcrent
713 1085 867 1170 Umfangc
889 1083 1032 1149 aurdben.
1082 1085 1164 1148 1262
1189 1081 1327 1147 Februar
1349 1103 1379 1164 5.

441 1188 547 1254 Frater
569 1188 667 1274 Hugo
691 1186 796 1254 divina
818 1188 1022 1253 miseratione
1045 1185 1195 1272 religioso
1220 1187 1288 1251 viro
1310 1184 1396 1252 fratri
1418 1185 1596 1252 Humberto

336 1275 489 1358 magistro
522 1273 642 1340 ordinis
674 1272 805 1340 fratrum
836 1273 1074 1339 Predicatorum
1107 1292 1138 1338 et
1169 1270 1324 1358 prioribus
1356 1272 1597 1358 provincialibus

336 1360 513 1426 eorundem
548 1359 694 1442 fratrum,
728 1363 760 1426 in
796 1382 932 1448 quorum
965 1360 1135 1446 provinciis
1172 1378 1244 1424 sunt
1276 1359 1376 1446 aliqua
1408 1361 1597 1426 monasteria

336 1446 504 1512 mulierum
519 1446 576 1512 sub
593 1469 666 1513 cura
681 1445 823 1528 fratrum,
846 1446 978 1513 salutem
1003 1465 1034 1512 et
1050 1447 1204 1511 sinceram
1228 1447 1261 1510 in
1277 1444 1410 1511 domino
1427 1447 1597 1513 caritatem.

337 1533 503 1612 Quoniam
518 1532 741 1614 intelleximus,
764 1533 850 1620 quod
868 1556 906 1598 ex
930 1534 1158 1598 commissione
1175 1554 1249 1597 cure
1272 1531 1470 1684 quorundam
1487 1555 1597 1598 mona-

336 1621 504 1686 steriorum
528 1619 697 1685 mulierum
721 1617 800 1686 facta
820 1619 910 1686 vobis
934 1642 989 1705 per
1012 1640 1072 1683 nos
1096 1620 1261 1688 autoritate
1299 1619 1399 1683 omini
1414 1618 1598 1684 innocencii

336 1728 415 1792 pape
430 1697 497 1772 llll.
514 1708 547 1771 in
572 1706 628 1772 hac
644 1717 731 1793 parte
755 1705 847 1771 nobis
864 1707 1035 1772 commissa
1059 1717 1127 1772 orta
1150 1716 1197 1772 est
1213 1704 1353 1771 dubietas
1376 1704 1458 1791 apud
1479 1705 1599 1792 aliquos

336 1790 376 1858 de
405 1791 591 1879 quibusdam
620 1795 836 1873 monasteriis,
866 1816 905 1857 an
934 1794 996 1857 sint
1026 1790 1082 1857 sub
1106 1814 1179 1857 cura
1207 1791 1342 1870 ordinis,
1373 1813 1433 1856 nos
1456 1791 1599 1858 volentes

336 1879 427 1965 hujus
458 1877 622 1945 dubietatis
650 1877 830 1966 scrupulum
859 1878 987 1958 tollere,
1018 1878 1150 1964 dignum
1182 1877 1328 1943 duximus
1359 1877 1514 1944 declarare
1545 1901 1599 1965 per

335 1977 514 2052 presentes,
566 1965 631 2034 uod
655 1965 728 2032 alias
758 1987 851 2053 super
875 1966 937 2031 hoc
968 1965 1184 2032 ordinavimus
1209 1985 1239 2031 et
1268 1964 1354 2053 quod
1378 1967 1490 2030 iterum
1516 1989 1599 2031 nunc

336 2075 430 2139 super
458 2053 521 2119 hoc
544 1989 691 2119 duximus
718 2051 940 2119 ordinandum.
987 2052 1071 2118 Sciat
1098 2053 1193 2139 igitur
1216 2051 1342 2119 dilectio
1365 2065 1482 2134 vestra,
1514 2053 1599 2140 quod

336 2162 397 2205 nos
420 2163 514 2226 super
544 2141 606 2206 isto
633 2141 772 2226 negocio
795 2141 974 2225 recepimus
1002 2163 1019 2205 a
1050 2138 1184 2205 domino
1207 2140 1403 2204 Innocentio
1454 2163 1510 2225 apa
1533 2140 1598 2205 llll.

335 2225 453 2292 litteras
482 2224 621 2291 subhac
645 2225 747 2291 forma
775 2238 834 2292 etc.
858 2238 1018 2312 utsupra.
1064 2227 1166 2290 Porro
1189 2237 1262 2312 post
1291 2226 1401 2290 harum
1429 2162 1599 2292 litterarum

335 2313 557 2398 recepcionem
587 2311 802 2379 ordinavimus
829 2335 885 2399 per
913 2325 1037 2378 nostras
1069 2312 1186 2378 litteras
1214 2313 1444 2378 interveniente
1471 2335 1599 2377 assensu

336 2411 454 2480 vestro,
478 2401 627 2486 magister
643 2411 674 2466 et
690 2397 877 2466 diffinitores
894 2398 1054 2486 cujusdam
1073 2398 1197 2486 capituli
1213 2399 1368 2485 generalis
1380 2397 1598 2488 F(lorentini),

336 2486 423 2574 quod
453 2485 519 2553 illas
549 2485 666 2553 domos
694 2487 878 2569 mulierum,
911 2511 972 2575 que
1002 2485 1124 2554 fuerant
1148 2507 1274 2574 recepte
1302 2487 1428 2574 alicujus
1457 2489 1597 2574 magistri

335 2576 500 2641 autoritate
523 2574 573 2642 vel
602 2574 726 2662 capituli
753 2574 909 2662 generalis
936 2587 1008 2641 ante
1038 2576 1301 2640 commissionem
1330 2597 1385 2641 seu
1416 2574 1598 2641 mandatum

335 2661 545 2750 apostolicum
577 2685 671 2750 super
695 2662 757 2728 hoc
788 2673 950 2750 receptum
982 2674 1014 2728 ct
1043 2661 1180 2750 quedam
1210 2661 1284 2741 alia,
1320 2685 1380 2750 que
1411 2663 1599 2728 nominatim

335 2749 546 2837 expressimus
563 2751 596 2815 in
612 2749 729 2817 nostris
745 2747 865 2831 litteris,
889 2751 1003 2816 iterum
1021 2761 1126 2816 essent
1141 2748 1198 2816 sub
1216 2748 1335 2815 ordinis
1352 2773 1435 2830 cura,
1455 2749 1600 2816 nolentes

334 2835 373 2902 ad
397 2835 469 2902 alias
492 2859 551 2902 vos
574 2837 685 2902 teneri.
727 2836 938 2903 Postmodum
965 2859 1041 2902 vero
1065 2839 1097 2902 in
1122 2835 1258 2923 capitulo
1282 2837 1419 2922 generali
1436 2836 1597 2902 Florencie

336 2921 504 3002 celebrato,
528 2924 577 2988 cui
594 2921 803 3003 interfuimus,
820 2923 1038 2988 consuluimus
1057 2936 1088 2988 et
1105 2925 1287 3006 rogavimus
1304 2935 1433 3008 propter
1450 2922 1598 3008 quasdam

336 3030 453 3089 causas,
478 3021 512 3074 ut
534 3010 723 3074 assentirent
746 3007 949 3088 diffinitores,
980 3007 1185 3095 quodetiam
1210 3009 1267 3073 alia
1291 3009 1497 3088 monasteria,
1526 3031 1600 3108 que-

335 3117 472 3182 cumque
494 3092 616 3160 fuerant
639 3093 806 3183 aliquando
830 3093 887 3161 sub
912 3093 1031 3160 ordinis
1048 3117 1131 3175 cura,
1156 3096 1250 3175 etiam
1274 3096 1390 3160 sinon
1414 3095 1600 3181 aprincrpio

338 3179 470 3248 fuissent
492 3180 529 3247 ab
553 3181 657 3269 aliquo
681 3183 833 3269 magistro
858 3182 907 3248 vel
931 3181 1066 3269 capitulo
1090 3193 1226 3269 recepta,
1250 3183 1463 3268 reciperentur
1486 3182 1598 3248 iterum

335 3267 392 3334 sub
420 3267 540 3335 ordinis
568 3292 651 3335 cura.
697 3267 798 3350 Quod
827 3293 899 3336 cum
923 3269 1031 3336 fuisset
1061 3292 1117 3357 per
1140 3271 1196 3336 tria
1221 3293 1255 3336 ca
1279 3269 1353 3336 itula
1382 3293 1419 3358 ap
1443 3268 1598 3349 robertum,

337 3355 518 3458 dicuntfur)
531 3355 640 3424 fratres
653 3356 767 3445 ubique
780 3359 987 3445 resumpsisse
1002 3381 1119 3438 curam,
1132 3381 1226 3446 quam
1239 3294 1407 3446 aliquando
1421 3293 1600 3437 llabuerant,

336 3467 479 3594 {quamvis
502 3467 568 3510 non
593 3446 770 3512 inveniatur
793 3444 920 3534 aliquod
944 3446 1200 3527 instrumentum,
1224 3469 1280 3532 per
1300 3445 1386 3533 quod
1410 3457 1517 3533 posset
1533 3443 1598 3510 fieri

359 3529 425 3610 des,
449 3531 535 3618 quod
560 3554 620 3597 nos
644 3534 725 3597 circa
748 3530 928 3618 hujusmodi
953 3534 1175 3618 recepcionenr
1192 3533 1334 3599 ultimam
1358 3532 1493 3619 aliquam
1510 3532 1600 3598 aliam

336 3615 468 3682 fecimus
481 3620 745 3684 commissionem
759 3631 863 3704 preter
878 3641 988 3704 preces
1005 3631 1035 3684 et
1048 3619 1215 3684 consilium
1232 3618 1448 3705 supradictas¹
1464 3618 1600 3684 Proinde

335 3704 460 3769 venisse
492 3703 605 3770 dicitur
635 3706 667 3770 in
691 3704 838 3785 dubium,
867 3716 972 3771 utrum
1002 3703 1184 3771 huiusmodi
1208 3707 1413 3786 monasteria,
1443 3727 1503 3806 que
1533 3727 1599 3770 non

336 3788 462 3857 fuerunt
490 3814 508 3856 a
540 3792 695 3878 principio
724 3815 779 3858 sue
808 3793 981 3858 creacionis
1010 3795 1194 3859 auctoritate
1222 3793 1348 3879 alicujus
1380 3793 1519 3878 magistri
1550 3792 1599 3858 vel

337 3876 461 3962 capituli
484 3877 640 3964 generalis
663 3892 804 3966 recepta,
828 3880 941 3945 iterum
966 3879 1023 3944 sub
1048 3903 1120 3946 cura
1144 3880 1263 3946 ordinis
1287 3902 1360 3946 vere
1384 3891 1501 3960 essent,
1526 3902 1597 3944 cunt

337 3965 369 4028 in
393 3965 493 4050 prima
516 3963 722 4031 ordinacione
739 3984 847 4032 nostra
870 3965 1049 4053 supradicto
1066 3966 1228 4033 videamur
1251 3967 1349 4034 functi
1372 3965 1479 4032 officio
1494 3987 1599 4052 supra·

338 4050 419 4116 dicte
449 4052 687 4117 commissionis
721 4064 752 4120 et
784 4054 911 4139 insuper
943 4066 1054 4140 postea
1084 4053 1200 4119 nullam
1231 4056 1428 4121 inveniamur
1460 4052 1499 4120 de
1532 4051 1598 4118 aliis

337 4137 601 4204 commissionem
630 4137 751 4205 fecisse.
802 4140 873 4205 Nos
902 4141 997 4226 igitur
1024 4139 1154 4206 dubium
1185 4163 1283 4206 omne
1311 4141 1391 4206 circa
1418 4138 1598 4225 hujusmodi

336 4236 498 4309 amputare
521 4224 667 4292 volentes
690 4237 721 4292 et
745 4227 972 4292 conscienciist
986 4225 1164 4313 provideril
1182 4228 1365 4293 auctoritate
1382 4225 1503 4292 domini
1519 4249 1599 4312 pape

337 4309 472 4392 Urbani,
496 4312 549 4398 qui
572 4313 747 4398 superbiis
771 4311 864 4378 nobis
887 4335 1004 4379 novam
1028 4312 1102 4380 fecit
1125 4315 1386 4379 commissionem
1413 4316 1483 4380 viva
1506 4335 1598 4391 voce,

337 4395 520 4462 ordinamus
536 4420 592 4484 per
615 4411 778 4485 presentes
794 4411 825 4465 et
849 4401 1079 4466 committimus
1095 4399 1196 4481 vobis,
1220 4402 1379 4486 magister,
1402 4412 1514 4466 tenore
1530 4421 1599 4486 pre-

336 4485 495 4564 sencium,
524 4496 558 4550 ut
582 4483 621 4550 de
645 4487 845 4551 monasteriis
869 4508 924 4551 seu
948 4485 1109 4552 sororibus
1133 4485 1330 4573 supradictis,
1354 4485 1393 4552 de
1417 4485 1528 4574 quibus
1552 4497 1600 4551 est

337 4568 464 4657 aliquod
487 4569 627 4653 dubium,
651 4583 757 4638 utrum
780 4573 842 4639 sint
865 4571 905 4639 de
922 4596 994 4639 cura
1017 4571 1137 4638 ordinis
1159 4596 1215 4660 per
1230 4572 1452 4639 ordinaciones
1476 4583 1600 4638 nostras

337 4655 544 4808 supradictas,
572 4657 774 4724 considerato
802 4671 883 4726 statu
908 4672 939 4726 et
969 4659 1147 4726 devocione
1170 4682 1277 4726 earum
1328 4660 1432 4725 ossitis
1460 4661 1600 4745 recipere

338 4765 374 4808 su
419 4765 492 4810 cura
520 4742 639 4810 ordinis
666 4744 717 4810 illa
739 4745 789 4811 vel
820 4746 899 4827 illas,
933 4746 972 4812 de
1000 4746 1111 4834 quibus
1139 4746 1229 4812 vobis
1258 4748 1289 4812 vi
1313 4745 1413 4812 ebitur
1443 4745 1600 4833 expedire,

337 4843 534 4897 reservantes
572 4831 664 4897 nobis
703 4832 927 4899 nichilominus
962 4832 1062 4899 adhuc
1102 4846 1291 4920 potestatem
1334 4833 1390 4899 alia
1424 4833 1474 4900 vel
1513 4833 1601 4898 aliter
