3828 5590
299 589 321 660 J.
345 603 418 660 127³·
881 591 977 646 Briefe.
1480 591 1488 603 ’
1526 581 1567 666 87

300 745 435 828 scribite,
458 745 497 814 de
520 769 668 815 sororum
684 747 819 815 consilio
843 747 1049 815 discretarum
1069 751 1165 836 ipsius
1181 751 1430 818 circumstantias
1446 751 1568 839 plenius

302 843 529 919 exponentes.
555 885 561 898 .
588 885 595 899 .

406 1023 462 1078 Fol.
483 1034 567 1094 135v.
604 1022 705 1076 Weiler
724 1023 766 1076 bei
785 1022 923 1093 Esslingen
942 1023 1003 1077 leam
1025 1038 1090 1093 ¹245
1111 1025 1269 1096 September
1288 1043 1304 1098 9
1323 1043 1356 1080 an
1375 1027 1427 1081 den
1446 1029 1569 1082 Domini-

301 1110 472 1165 tanerorden.
509 1110 570 1182 Vgl.
590 1111 750 1164 Wurttemb.
771 1110 826 1166 UB.
846 1111 879 1176 V,
899 1110 1037 1182 Nachtrag
1059 1111 1098 1180 56.
1134 1113 1219 1166 Unter
1238 1114 1312 1167 Prior
1331 1131 1397 1170 usw.
1417 1115 1475 1168 sind
1494 1115 1568 1170 wohl

302 1198 343 1252 die
362 1198 493 1270 Efslinger
512 1197 702 1252 Dominilaner
720 1215 751 1250 zu
771 1199 922 1254 verstehen.

912 1371 961 1441 59.

405 1493 582 1647 Provinp‘pl
594 1491 734 1584 (Uiriclr)
746 1493 874 1560 schreibt
888 1498 989 1562 seinen
1004 1495 1257 1563 Ordensbrr'ldern
1270 1496 1312 1586 (l)
1326 1497 1400 1563 liber
1411 1497 1459 1564 die.
1474 1498 1518 1564 W
1515 1498 1569 1564 ahl

302 1581 429 1670 Rudofss
450 1604 508 1647 von
558 1580 691 1668 alaburg
712 1605 783 1667 aaran
807 1583 971 1648 rirnischen
992 1584 1093 1669 Krinig
1116 1584 1181 1648 arrad
1203 1583 1277 1650 liber
1297 1587 1377 1650 seiae
1395 1597 1488 1672 guten
1503 1585 1568 1650 Ab·

299 1668 421 1747 sichten,
445 1667 593 1819 empfiehlt
616 1668 705 1732 ifmen
729 1668 904 1749 denselben,
928 1670 995 1734 dem
1017 1673 1060 1736 sic
1082 1669 1130 1735 tei
1150 1673 1250 1736 seinen
1274 1671 1492 1758 Bentalhungen
1507 1674 1570 1760 sair

300 1755 347 1820 die
377 1755 486 1820 Kaiser
506 1778 576 1822 rorte
610 1754 744 1840 atiltzlicb
775 1757 838 1820 sein
873 1754 1004 1837 kdrrrren,
1037 1759 1116 1822 scine
1150 1757 1314 1823 Getnahlin
1347 1757 1412 1823 ttnrl
1442 1757 1567 1824 Kindcr.
1661 1758 1663 1763 ’

301 1840 426 1932 (1271)

404 1964 453 2030 De
477 1965 637 2030 creatione
660 1965 744 2051 regis
768 1964 978 2051 provincialis.
1025 1966 1120 2045 Iuste,
1145 1964 1350 2046 dilectissimi,
1379 1965 1418 2032 de
1442 1968 1566 2068 ignavia
1603 2014 1604 2018 ,

300 2051 522 2130 convincerer,
550 2049 589 2117 de
614 2050 811 2138 negligencia
841 2050 1009 2133 iudicarer‚
1040 2055 1065 2119 si
1093 2050 1193 2140 digito
1224 2053 1272 2118 ori
1300 2071 1502 2140 superposito
1530 2052 1569 2119 ad

300 2160 389 2204 aures
419 2137 617 2203 familiarium
648 2139 724 2204 novi
757 2141 840 2225 regis
873 2149 1020 2205 exortum
1050 2163 1117 2204 non
1150 2137 1386 2227 mus(s)itarem
1419 2141 1451 2205 in
1482 2138 1569 2220 urbe,

301 2247 395 2312 quem
419 2225 481 2290 iam
511 2235 582 2291 toto
606 2225 639 2289 in
667 2223 744 2290 orbe
768 2223 851 2290 fame
881 2225 1011 2292 celebris
1035 2224 1108 2292 tuba
1131 2227 1256 2292 intonat
1287 2225 1437 2292 salutaris.
1485 2226 1570 2293 Cum

301 2313 386 2379 enim
417 2322 520 2398 patres
543 2313 714 2400 conscripti
743 2335 781 2378 ex
805 2311 955 2379 mandato
984 2314 1102 2379 summi
1133 2312 1294 2401 pontificis
1325 2312 1364 2380 ad
1387 2312 1570 2400 eligendum

301 2421 410 2488 regem
427 2398 591 2466 Alamanie
608 2417 640 2466 et
657 2400 802 2467 Romane
819 2399 950 2466 ecclesie
974 2399 1161 2468 advocatum
1180 2401 1416 2483 convenissent,
1441 2399 1569 2482 nullam,

302 2498 337 2554 ut
366 2485 497 2570 assolet,
526 2507 674 2589 proceres
702 2511 798 2554 manu
829 2499 860 2555 et
884 2488 1023 2555 consiliis
1051 2487 1184 2576 gloriosi
1215 2486 1403 2555 discordiam
1435 2489 1570 2555 miscue-

302 2586 389 2657 runt,
427 2586 475 2642 set
511 2597 556 2641 src
592 2573 782 2642 electionem
817 2577 976 2663 prosecuti
1014 2587 1088 2643 sunt
1123 2575 1312 2656 humanam,
1353 2587 1388 2643 ut
1420 2577 1570 2663 putaretis

303 2661 498 2728 voluntatem
527 2659 568 2728 ibi
597 2661 788 2728 confluxisse
818 2661 967 2730 divinam.
1024 2662 1114 2744 Quid
1141 2664 1203 2729 iam
1233 2661 1287 2729 illo
1315 2662 1486 2750 gloriosius
1512 2673 1569 2744 est,

303 2749 355 2836 qui
396 2748 511 2836 absque
550 2748 687 2816 factione
725 2747 841 2832 factus,
883 2751 950 2816 sine
991 2749 1146 2816 electione
1191 2749 1308 2817 electus
1375 2760 1458 2816 reter
1499 2748 1570 2816 sub-

303 2836 503 2901 ornationem
535 2846 679 2915 ornatus,
712 2837 780 2900 sine
805 2847 921 2902 conatu
950 2837 1092 2902 noscitur
1120 2847 1301 2902 coronatus.
1407 2835 1571 2902 cuiuslibet

301 2921 443 2988 virtutis¹
479 2918 571 2986 radiis
607 2943 684 2987 mox
693 2975 700 2993 s
715 2922 746 2986 in
780 2923 855 3008 ipsis
886 2921 1046 3010 dignitatis
1077 2945 1133 2988 sue
1166 2921 1347 3009 primordiis
1383 2922 1569 3003 coruscavit,

301 3031 373 3075 cum
411 3006 551 3076 decentis
586 3007 690 3076 forme
725 3031 848 3075 sursum
881 3008 918 3076 ab
952 3009 1087 3077 humero
1120 3031 1215 3098 super
1248 3031 1380 3076 onmem
1416 3007 1569 3098 populum

301 3097 466 3163 eminens’
485 3095 627 3163 'verbum
667 3096 813 3184 protulit,
849 3097 936 3186 quod
969 3099 1071 3166 tocius
1105 3099 1211 3185 gentis
1249 3096 1385 3164 devocio
1420 3109 1473 3165 tan
1496 3121 1570 3164 uam

302 3183 341 3251 de
372 3182 442 3252 celo
471 3183 593 3272 lapsum
622 3183 735 3251 dicitur
762 3187 947 3273 suscepisse.
1002 3185 1124 3267 Hodie,
1151 3184 1275 3274 inquid,
1309 3183 1435 3253 dimitto
1467 3122 1570 3253 debita

301 3273 435 3355 cunctis,
467 3273 520 3361 qui
543 3296 596 3340 me
626 3278 841 3357 nocuerunt;⁸
870 3297 1017 3341 exnunc
1047 3273 1167 3340 absolvi
1189 3273 1284 3341 iubeo
1309 3275 1460 3361 captivos,
1510 3297 1570 3340 uos

301 3384 371 3427 mea
387 3360 519 3428 claustra
540 3365 746 3445 tenuerunt;⁴
768 3363 830 3428 iam
848 3386 900 3428 me
923 3375 1100 3429 amatorem
1116 3363 1201 3515 pacis
1225 3362 1395 3450 provinciis
1412 3297 1569 3449 spondeo

1137 3462 1271 3517 atorem.
1318 3451 1412 3516 Vivat
1441 3472 1510 3530 rex,
1538 3451 1570 3515 in

691 3539 743 3602 ex!
768 3537 904 3624 populus
928 3536 1118 3604 acclamabat
1133 3549 1165 3603 et
1188 3538 1333 3603 invoces
1358 3559 1470 3602 eorum
1490 3548 1570 3603 terra

303 3622 478 3689 resonabat.
524 3624 594 3690 Nec
622 3624 708 3689 enim
732 3623 827 3711 digna
849 3647 912 3690 vox
941 3625 1104 3690 maiestate
1133 3625 1294 3711 regnantis
1319 3623 1432 3690 effectu
1463 3624 1571 3704 caruit,

301 3707 446 3776 videlicet
469 3711 585 3796 operis,
610 3733 683 3775 nam
707 3710 895 3777 contrahere
921 3711 1081 3798 rubigines
1104 3712 1260 3798 incipiunt
1283 3733 1376 3776 enses
1400 3728 1431 3776 et
1454 3712 1571 3776 micare

301 3796 435 3883 ligones,
458 3808 540 3862 terra
563 3795 698 3863 colonos
721 3808 845 3864 veteres
869 3799 961 3863 novis
985 3821 1018 3864 re
1042 3797 1085 3864 let
1107 3796 1268 3878 fructibus
1292 3797 1408 3898 ubique
1424 3797 1571 3863 Matheus

302 3884 433 3950 cessavit
456 3885 489 3949 in
512 3882 674 3964 fluctibus,
703 3884 869 3950 Beniamin
893 3885 925 3950 in
949 3821 1092 3966 saltibus,
1122 3896 1157 3951 ut
1180 3883 1309 3972 predam
1335 3882 1474 3972 diripiat,
1503 3906 1571 3949 non

302 3981 457 4050 moratur,
480 3971 641 4038 Nemrotlr
665 3994 774 4036 corani
798 3970 934 4038 domino
965 3972 1114 4038 homines
1138 3995 1205 4038 non
1228 3976 1387 4039 venatur.5
1431 3969 1483 4037 Ad
1513 3969 1571 4036 bec

301 4081 395 4145 quam
425 4057 577 4125 humilem
602 4070 633 4125 et
660 4059 817 4125 sincerum
851 4057 908 4125 sub
940 4081 1076 4160 purpura
1106 4078 1195 4146 gerat
1227 4060 1384 4140 animum,
1416 4082 1453 4124 ex
1484 4075 1571 4146 parte

302 4143 458 4227 indicant,
491 4169 552 4234 que
583 4157 766 4234 sequuntur.
820 4146 966 4234 Contigit
998 4171 1050 4213 me
1087 4169 1150 4212 una
1179 4169 1252 4213 cum
1283 4144 1452 4212 venerabili
1483 4156 1572 4298 patre

302 4234 454 4320 magistro
478 4231 598 4298 ordinis
622 4256 694 4299 casu
716 4235 824 4299 venire
849 4233 886 4300 ad
910 4233 1028 4315 locum,
1053 4233 1104 4300 ubi
1129 4257 1182 4299 rex
1207 4232 1343 4320 prefatus
1366 4233 1482 4319 recipie
1504 4243 1572 4298 atur

303 4343 375 4386 cum
405 4318 542 4406 tripudio
567 4323 713 4386 omnium
745 4331 776 4387 et
804 4319 921 4408 gaudio
950 4320 1160 4409 singulorum.
1207 4321 1251 4386 At
1281 4343 1354 4386 cum
1384 4320 1569 4406 magistrum

303 4406 431 4473 fratrum
456 4407 575 4474 ordinis
598 4405 835 4474 Predicatorum
859 4409 994 4474 Parisius
1026 4407 1211 4475 tendentem
1236 4417 1368 4474 noverat
1396 4404 1572 4486 advenisse,

304 4493 354 4560 die
386 4495 528 4582 proxima
560 4493 598 4561 ad
629 4493 760 4561 fratrum
793 4494 959 4562 ecclesiam
989 4497 1184 4583 properavit,
1217 4496 1266 4562 cui
1299 4495 1381 4562 inter
1411 4492 1468 4560 alia
1499 4515 1571 4560 cum

304 4603 355 4646 ma
378 4581 452 4648 ister
485 4581 604 4648 ordinis
659 4580 854 4663 ersuaderet,
892 4601 1048 4671 quatenus
1080 4581 1215 4648 domino
1247 4605 1327 4682 pae
1360 4594 1391 4649 et
1426 4582 1572 4648 Romane

306 4603 436 4735 ecclesie
459 4668 541 4735 foret
564 4667 621 4735 sub
645 4670 705 4736 itus
730 4681 761 4735 et
784 4669 904 4751 aclivis,
933 4671 999 4736 iura
1022 4671 1093 4735 insu
1117 4692 1150 4734 er
1180 4605 1448 4756 partrefb)larium
1474 4665 1572 4735 eccle·

305 4757 419 4821 siarum
442 4766 581 4822 tueretur
606 4767 636 4822 et
659 4755 747 4844 quod
779 4758 863 4843 pacis
887 4755 1025 4823 comoda
1053 4691 1168 4822 sedatis
1191 4754 1298 4820 licium
1327 4753 1498 4842 dispendiis
1525 4777 1573 4821 re-

306 4854 465 4924 stauraret,
481 4867 608 4910 necnon
621 4855 656 4910 ut
668 4842 812 4930 precelso
826 4843 995 4930 erigendus
1005 4845 1036 4909 in
1050 4842 1188 4909 culmine
1204 4840 1328 4908 medius
1338 4840 1574 4908 dissidentium⁶

302 3472 395 3536 quem
428 3447 649 3536 infatigabilem
696 3449 866 3516 ertulerant
892 3450 1044 3516 hactenus
1075 3449 1113 3517 be

302 3537 389 3602 cuius
412 3558 468 3602 ore
484 3534 656 3602 clemencie
674 3472 693 3602 l
