3828 5590
308 617 330 688 J.
353 632 428 686 ¹273·
894 614 990 669 Briefe.
1536 616 1574 680 91

308 786 469 862 tamquam
492 774 597 840 minus
623 773 708 838 bone
731 773 834 839 same¹
862 795 976 838 vocem
1001 773 1034 837 in
1062 769 1199 857 capitulo
1228 792 1295 837 non
1319 769 1444 836 habebit
1474 788 1579 856 preter

309 859 383 926 alias
413 881 509 946 penas
536 858 753 946 quamplures,
786 881 847 947 que
877 855 1061 924 huiusmodi
1092 867 1165 924 sunt
1196 855 1326 943 adjecte.
1372 857 1445 922 Hoc
1474 853 1578 922 scribo

309 957 413 1014 vestre
436 943 618 1014 excellentie
641 956 803 1034 tamquam
819 943 920 1013 fidelis
944 943 1076 1012 dilector
1091 944 1187 1011 vestri
1209 941 1370 1030 profectus
1386 953 1418 1009 et
1433 941 1578 1024 honoris,

310 1034 363 1121 qui
386 1032 518 1100 salutem
534 1051 670 1100 vestram
687 1056 704 1098 a
721 1031 856 1099 domino
873 1031 1001 1119 postulo
1024 1043 1186 1119 tamquam
1202 1053 1318 1096 meam.
1354 1029 1466 1117 Spero,
1490 1027 1578 1117 quod

310 1131 413 1187 vestra
436 1119 600 1208 prudentia
616 1142 655 1186 ex
678 1119 737 1185 hiis
754 1120 860 1206 paucis
884 1117 1038 1206 intelliget
1053 1118 1264 1184 sinceritatem
1290 1127 1434 1183 nostram
1454 1113 1578 1196 advos,

311 1209 365 1296 qui
387 1218 490 1274 vestre
513 1207 610 1295 parati
632 1230 742 1273 sumus
767 1218 798 1273 et
822 1206 939 1273 erimus
962 1205 1127 1272 voluntati.
1161 1205 1200 1271 Et
1222 1227 1281 1271 vos
1304 1203 1445 1357 vestiqiis
1467 1200 1579 1291 prede-

312 1317 473 1362 cessomm
489 1305 666 1361 vestrorum
692 1294 874 1361 inherentes
897 1291 1002 1359 ordini
1026 1293 1111 1359 eritis
1134 1293 1203 1378 pius
1226 1302 1314 1379 pater
1337 1291 1433 1358 nicril
1455 1289 1578 1370 volens,

311 1383 370 1448 nisi
393 1380 479 1471 quod
503 1380 623 1448 ordinis
651 1380 777 1469 expedit
800 1380 973 1462 honestati,
1005 1380 1038 1445 in
1063 1379 1125 1446 hoc
1149 1378 1227 1444 milri
1255 1376 1425 1466 specialem
1448 1376 1579 1444 benivo-

310 1469 439 1536 lentiam
462 1468 642 1556 impenditis
659 1479 690 1536 et
713 1467 865 1535 favorem.
901 1469 996 1555 Rogo
1014 1467 1119 1548 etiam,
1143 1478 1177 1533 ut
1200 1466 1259 1532 hec
1282 1465 1393 1547 littera,
1416 1477 1577 1553 tamquam

311 1555 500 1624 familiariter
523 1556 628 1638 missa,
652 1553 690 1622 ad
715 1579 826 1622 manus
851 1578 918 1621 non
941 1565 1078 1621 transeat
1101 1553 1245 1620 aliorum.

417 1791 426 1821 ¹
444 1782 688 1854 tamquam-same
706 1782 914 1836 durclrstriclren.

416 2006 471 2060 1²01.
494 2023 550 2060 121.
588 2008 644 2061 Der
663 2007 748 2060 Plural
768 2006 1015 2077 (predecessorum)
1034 2007 1076 2059 bei
1094 2007 1268 2077 Erwa'hnung
1290 2005 1337 2058 der
1355 2006 1515 2076 Vorginger
1534 2003 1580 2056 des

312 2093 487 2160 Erzbischofs,
506 2093 549 2146 die
568 2094 630 2146 dem
645 2093 737 2148 Orden
757 2093 876 2147 huldvoll
896 2095 1003 2164 gesinnt
1018 2110 1117 2159 waren,
1137 2094 1170 2146 ist
1190 2094 1247 2147 hier
1265 2093 1340 2146 wohl
1358 2092 1581 2155 beaclrtenswert‚

311 2179 372 2232 weil
391 2197 440 2232 nur
458 2181 534 2245 zwei,
550 2179 670 2234 Gerhard
684 2181 850 2250 (1219—58)
863 2179 916 2233 und
929 2179 1071 2233 Hildebold
1084 2179 1256 2252 (1269—73),
1272 2180 1298 2233 in
1311 2179 1435 2232 Retraclrt
1455 2178 1582 2231 kommen

311 2267 426 2321 konnen.
471 2267 505 2319 Zu
529 2266 576 2319 der
598 2267 746 2336 Datierung
769 2267 838 2320 nach
864 2281 928 2336 1273
960 2265 1028 2337 passt
1051 2265 1120 2319 auclr
1144 2266 1299 2336 vorauglich
1324 2265 1366 2319 die
1390 2264 1512 2336 Stellung
1535 2264 1582 2317 des

313 2354 422 2409 Bricses.
460 2355 499 2408 lm
519 2355 605 2408 Brenn
625 2355 680 2409 Ull.
702 2354 747 2409 Bd.
767 2355 778 2407 1
798 2354 864 2408 wird
883 2354 942 2408 lrein
962 2354 1154 2409 Dorninilraner
1173 2353 1286 2425 Ludwig
1305 2363 1431 2426 genennt.

924 2601 973 2672 63.

420 2741 482 2808 Die
504 2740 711 2831 Murkgrafcn
735 2740 870 2828 (johann
893 2743 945 2824 ll,
973 2741 1045 2810 Ouo
1068 2743 1122 2808 IV.
1147 2743 1211 2808 und
1232 2742 1374 2832 Konrad)
1397 2764 1456 2807 von
1480 2741 1582 2806 Brun·

315 2829 449 2914 danlaurg
479 2828 571 2893 littera
597 2829 653 2894 dus
681 2829 793 2895 Pruvin
814 2829 970 2916 inllupilel
996 2853 1047 2894 um
1080 2829 1254 2915 Griindung
1282 2832 1360 2894 rirres
1389 2827 1495 2893 larcin
1524 2849 1583 2892 uota

315 2915 408 2980 ihrem
442 2914 533 2980 Vater
560 2915 772 3000 gewrirrschten
832 2916 935 2982 lostcrs
963 2918 993 2980 in
1022 2916 1075 2980 der
1098 2914 1193 2981 Marlz
1220 2915 1285 2980 arrad
1313 2938 1364 2980 rma
1392 2913 1500 2981 Gebala
1523 2915 1584 3002 sair

315 3002 378 3068 ihre
401 3001 516 3068 Eltern.
564 2997 691 3092 (1274.)

417 3123 620 3190 Marclriones
643 3125 773 3191 iuvenes
804 3136 916 3212 petunt
940 3123 1074 3192 domurn
1099 3137 1131 3192 et
1158 3124 1304 3213 suffragia
1327 3123 1385 3190 sibi
1415 3147 1450 3191 ac
1473 3147 1585 3212 paren-

313 3212 404 3279 tibus.
452 3211 654 3278 Marchiones
683 3212 819 3299 capitulo
848 3212 1041 3300 provinciali.
1089 3213 1122 3279 Si
1146 3235 1219 3279 curn
1248 3210 1371 3278 mundo
1401 3223 1583 3278 transeunte

315 3323 459 3366 carorum
488 3321 556 3365 non
587 3301 697 3365 transit
726 3301 898 3381 memoria,
933 3301 959 3366 si
990 3299 1114 3367 labente
1147 3311 1294 3387 ternpore
1318 3301 1444 3387 piorum
1476 3319 1584 3366 manet

315 3388 448 3467 iusticia,
479 3387 504 3451 si
537 3385 590 3452 lux
617 3389 803 3452 meritorum
837 3411 909 3453 cum
942 3410 1078 3474 corpore
1108 3389 1209 3453 nescit
1239 3385 1444 3468 occumbere,
1474 3410 1585 3474 paren-

314 3486 382 3540 tum
410 3491 593 3539 nostrorum
626 3475 916 3554 reminiscenciam,
946 3497 1027 3626 quos
1058 3475 1265 3576 omnipotens
1293 3474 1470 3561 acquisivit,
1503 3497 1585 3540 non-

315 3559 391 3625 dum
424 3561 521 3625 evasit
552 3557 687 3640 oblivia,
720 3584 779 3626 nec
808 3561 945 3626 vicissitu
971 3562 1031 3627 inis
1063 3558 1178 3627 delevit
1211 3559 1434 3642 obumbraci0,
1467 3573 1515 3626 set
1551 3562 1583 3626 in

315 3657 493 3712 vestrorum
525 3658 692 3732 pectorum
722 3647 805 3712 atriis
834 3646 987 3728 celebres,
1019 3649 1051 3712 in
1074 3646 1162 3714 labiis
1185 3646 1405 3735 predicabiles,
1436 3648 1468 3713 in
1493 3646 1585 3712 affec-

314 3732 396 3799 tibus
420 3730 627 3813 venerabiles,
658 3734 750 3799 certis
775 3732 858 3799 alfini
882 3753 1071 3821 permanent
1098 3735 1315 3801 monimentis.
1362 3735 1473 3801 Nostis
1497 3735 1584 3799 enim

315 3819 469 3908 plerique,
499 3830 533 3886 ut
555 3818 756 3900 arbitramur,
782 3822 922 3902 eminus,
951 3821 1091 3910 plerique
1115 3821 1292 3888 subiectum
1317 3821 1416 3888 oculis
1440 3818 1584 3897 fidelibus

314 3906 538 3995 perlustrastiS,
602 3906 662 3973 uali
696 3907 802 3989 vultu,
838 3908 920 3997 quali
955 3907 1057 3990 cultu,
1093 3908 1175 3999 quali
1210 3909 1340 3991 affectu,
1374 3906 1456 3998 quali
1491 3907 1584 3974 affatu

315 3993 418 4062 ordini
440 4005 547 4062 vestro
578 3931 718 4062 {vorem
744 4015 773 4062 et
797 4020 941 4063 atriorem
966 3995 1151 4080 detulerint,
1180 4021 1275 4086 quam
1299 3996 1442 4064 officiosa
1471 3995 1585 4062 sollici-

314 4081 434 4166 tudine,
457 4106 551 4171 quant
576 4083 755 4150 racionabili
785 4082 1014 4171 promtitudine
1038 4084 1252 4173 impenderint
1283 4086 1483 4172 semetipsos.
1530 4084 1586 4150 Set

316 4171 373 4237 lrec
403 4194 470 4236 non
502 4168 540 4236 ad
569 4171 785 4257 insipienciam
815 4171 888 4253 sibi,
922 4195 996 4238 nam
1025 4171 1102 4238 dum
1132 4173 1238 4239 Deum
1268 4173 1444 4258 promereri
1474 4169 1585 4237 talibus

316 4257 425 4324 hostiis
441 4255 639 4338 studuerunt,
663 4259 695 4323 in
713 4257 854 4325 districto
872 4261 1017 4325 examine
1036 4283 1105 4326 non
1121 4261 1210 4336 iram,
1234 4278 1292 4340 set,
1317 4270 1350 4326 ut
1366 4260 1416 4347 pie
1437 4256 1584 4339 creditur,

317 4345 451 4430 graciam
483 4345 688 4427 invenerunt,
722 4357 753 4412 et
781 4345 868 4434 quod
896 4345 1007 4412 deesse
1039 4345 1097 4413 sibi
1125 4346 1271 4414 viderunt
1301 4347 1333 4413 in
1362 4346 1512 4434 propriis,
1545 4344 1584 4411 de

317 4433 426 4498 vestris
449 4433 549 4520 copiis
571 4432 774 4499 sustulerunt.
821 4434 908 4500 beati
932 4457 1049 4520 nempe
1073 4433 1131 4515 illi,
1162 4433 1274 4522 quibus
1298 4435 1386 4500 Deus
1419 4451 1584 4521 peccatum

319 4543 384 4585 aron
413 4520 544 4606 imputat
573 4531 680 4586 vestro
710 4521 870 4607 propicius
903 4523 1092 4588 interventu.
1139 4522 1242 4603 Beati,
1273 4544 1410 4610 quorum
1438 4521 1585 4607 iniquitas

319 4618 349 4672 te
373 4607 432 4672 itur
462 4625 571 4693 operta
600 4618 702 4673 vestre
735 4606 897 4674 latitudine
926 4609 1071 4675 caritatis.
1129 4609 1198 4674 Hiis
1226 4609 1311 4674 enim
1345 4609 1585 4694 pigmentorum

320 4630 468 4759 odoribus
492 4695 603 4759 mortis
626 4696 765 4780 gemitus
788 4693 967 4780 abrogatur,
990 4719 1101 4761 sensus
1126 4693 1310 4762 obdulcatur
1326 4693 1446 4760 doloris
1470 4693 1584 4758 vereris

319 4803 403 4846 nove
419 4779 514 4847 letitie
531 4780 681 4863 libertate,
698 4783 773 4869 quin
791 4783 889 4848 eciam
908 4783 988 4847 mori
1007 4781 1128 4847 lucrum
1145 4793 1290 4869 reputant
1307 4792 1379 4882 post
1396 4779 1476 4846 hanc
1488 4779 1585 4846 vitam

319 4865 357 4932 ad
389 4890 477 4954 spem
510 4891 628 4933 sacram
660 4869 823 4953 atrralogice
856 4869 1057 4949 nranuducti,
1089 4868 1139 4934 ubi
1174 4879 1333 4935 renovatas
1361 4865 1585 4955 splendescunt
