3828 5590
339 575 380 638 60
927 587 1022 642 uriel.
1485 584 1507 654 J.
1529 583 1603 638 1264.

339 743 450 810 orbem
475 743 653 824 illustravit,
682 756 716 810 ut
739 767 863 830 queque
890 767 969 828 gens
994 756 1025 810 et
1054 745 1145 808 uacio
1174 741 1314 808 fidelium
1339 741 1487 807 ductores
1514 741 1604 826 hujus

339 830 422 896 exilii
455 843 622 917 patresque
645 832 711 896 sani
745 830 868 896 consilii
896 828 1006 896 fratres
1036 831 1132 896 vestri
1163 830 1241 894 sacri
1270 827 1395 912 collegii
1426 825 1541 892 habere
1571 850 1604 892 se

338 916 473 1002 gaudeat
495 917 546 984 vel
570 928 709 1003 exoptet,
733 916 961 1003 postulavimus
983 918 1015 981 in
1031 917 1143 982 vestris
1160 914 1301 1002 capitulis
1324 926 1388 980 tam
1408 912 1604 999 generalibus

339 1025 433 1090 quam
455 1003 698 1089 provincialibus
723 1004 839 1069 uostris
862 1002 972 1070 litteris
997 1001 1130 1069 domum
1153 1003 1249 1068 vestri
1281 1001 1400 1066 ordinis
1424 999 1516 1065 nobis
1541 999 1604 1065 dari

339 1091 371 1154 in
395 1088 535 1155 districtu
560 1091 661 1156 nostri
685 1088 820 1156 dominii
848 1089 1076 1170 collocandam,
1105 1111 1165 1155 nec
1194 1088 1296 1154 adhuc
1318 1086 1435 1153 fuimus
1459 1085 1604 1153 exauditi.

338 1175 443 1242 Tedio
454 1188 562 1243 tamen
572 1195 658 1244 tante
671 1176 833 1243 dilacionis
844 1175 945 1242 affecti
957 1177 1007 1263 pie
1018 1176 1224 1256 devotionis,¹
1235 1199 1329 1263 quam
1340 1173 1379 1241 ad
1389 1197 1447 1241 vos
1456 1175 1604 1260 gerimus,

339 1263 472 1328 minime
495 1262 624 1349 fatigati,
648 1265 728 1331 sicut
752 1265 935 1350 petivimus,
966 1287 1050 1329 nunc
1074 1285 1202 1350 quoque
1230 1264 1381 1348 petimuS‚
1413 1272 1446 1328 ut
1470 1260 1604 1327 domum

339 1349 431 1414 nobis
455 1350 556 1416 velitis
580 1348 757 1416 concedere
781 1351 981 1437 postulatam,
1013 1373 1107 1437 quam
1131 1350 1342 1436 proponimus
1365 1351 1396 1414 in
1421 1359 1604 1414 nostrorum

339 1438 562 1503 remissionem
598 1439 818 1524 peccaminum
853 1449 1096 1524 vestrorumque
1136 1437 1413 1524 participacionem
1445 1435 1603 1500 bonorum

338 1522 377 1588 ad
391 1523 452 1588 Dei
467 1522 602 1608 gloriam
621 1547 823 1611 promovere.
848 1524 930 1590 Sane
947 1525 1027 1591 inter
1044 1536 1157 1604 cetera,
1174 1547 1235 1610 que
1252 1535 1394 1589 nostram
1411 1523 1603 1608 peticionem

339 1608 478 1674 exaudiri
502 1609 699 1691 distulerunt,
723 1611 948 1690 intelleximus,
981 1609 1068 1699 quod
1090 1609 1199 1676 tratres
1223 1609 1263 1675 de
1286 1610 1447 1696 provincia
1471 1608 1605 1674 Polonie

338 1697 433 1761 vestri
458 1696 577 1762 ordinis
602 1697 735 1763 eosdem
765 1698 920 1763 terminos
943 1698 1044 1763 nostri
1068 1696 1217 1776 dominii,
1248 1719 1287 1762 eo
1312 1695 1398 1783 quod
1423 1695 1462 1761 de
1486 1694 1604 1761 diocesi

339 1782 535 1869 Camynensi
558 1785 631 1863 sint,
656 1783 707 1849 ubi
731 1782 901 1871 dom(um)
926 1783 1050 1862 habent,
1075 1781 1223 1870 quodque
1248 1783 1323 1847 olim
1341 1781 1442 1848 Sclaui
1466 1781 1604 1868 quidam,

339 1891 406 1932 non
430 1868 562 1949 Polum,
591 1871 676 1956 prius
701 1871 793 1936 etiam
819 1892 913 1958 quam
943 1881 1047 1935 vester
1075 1868 1156 1934 ordo
1183 1869 1291 1948 fuerit,
1325 1867 1455 1934 eosdem
1487 1866 1605 1933 inhabi-

338 1955 483 2034 taverint,
507 1957 649 2022 nituntur
664 1979 722 2042 pro
739 1979 794 2022 sua
810 1958 971 2042 provincia
988 1978 1152 2041 occupare.
1181 1955 1281 2041 Super
1297 1977 1361 2042 quo
1378 1955 1457 2020 scire
1473 1953 1603 2032 debetis,

338 2040 425 2126 quod
448 2043 480 2106 in
506 2041 625 2108 eisdem
654 2044 797 2108 terminis
822 2065 878 2107 eos
901 2043 1055 2108 sustinere
1079 2065 1138 2108 nec
1161 2041 1309 2108 volumus
1338 2065 1397 2106 nec
1421 2063 1603 2127 possumus,

340 2129 434 2193 etiam
458 2129 483 2192 si
508 2127 642 2194 domum
665 2129 704 2195 ad
727 2131 923 2215 provinciam
947 2129 1131 2194 Teuthonie
1155 2131 1366 2214 pertinentem
1391 2127 1493 2207 nobis,
1517 2125 1604 2214 quod

338 2213 427 2294 absit,
452 2215 649 2281 omnimodis
673 2217 840 2302 negaretis.
887 2216 999 2282 Posset
1023 2217 1108 2281 enim
1133 2216 1267 2316 posteris
1284 2217 1400 2280 nostris
1424 2237 1441 2279 a
1465 2213 1604 2279 dominis

338 2300 472 2368 Polonie
496 2301 554 2368 hac
586 2304 755 2370 occasione
779 2326 872 2390 super
900 2302 1020 2370 eisdem
1048 2305 1208 2383 terminis,
1240 2325 1321 2390 quos
1344 2301 1439 2388 pleno
1469 2302 1536 2366 iure
1564 2300 1603 2366 de

339 2411 434 2454 manu
458 2390 582 2476 imperii
611 2389 828 2476 possidemus,
859 2392 984 2478 questio
1008 2390 1161 2476 generari.
1206 2390 1310 2468 ¹Parati
1334 2412 1443 2454 sumus
1473 2386 1603 2454 nichilo-

338 2476 443 2542 minus
467 2475 576 2542 fratres
592 2489 789 2543 memoratos
813 2479 844 2542 in
861 2479 1014 2558 terminis,
1038 2499 1119 2564 quos
1144 2478 1224 2542 circu
1241 2475 1409 2541 Poloniam
1432 2477 1494 2562 jam
1511 2475 1603 2540 habe-

338 2586 420 2658 mus,
444 2563 494 2628 vel
515 2563 647 2630 habituri
671 2587 779 2629 sumus
803 2566 835 2629 in
852 2585 1028 2651 posterum,
1052 2587 1158 2629 cuma
1183 2562 1274 2628 nobis
1292 2564 1501 2650 requisierint,
1525 2563 1604 2626 sicut
1636 2566 1638 2568 ’

339 2657 447 2718 tratres
471 2662 502 2718 et
526 2663 629 2738 patres
653 2652 836 2718 karissimos
860 2675 1061 2739 promovere.

340 2777 487 2784 -—1---v...-...-.
493 2779 501 2784 .

444 2977 499 3030 Fol.
515 2975 555 3042 26,
575 2977 621 3030 Nr.
637 2992 677 3044 25.
706 2978 848 3030 uirtsreller
867 2979 908 3042 ist,
929 2979 979 3029 wie
1000 2995 1045 3028 aus
1066 2977 1111 3029 der
1131 2977 1195 3044 l'ulg.
1211 2977 1256 3029 Nr.
1271 2977 1327 3028 sich
1341 2977 1451 3045 ergiebt,
1471 2975 1608 3045 Markgral'

338 3065 443 3134 Johann
463 3064 516 3117 und
534 3081 605 3118 zwar
617 3065 722 3135 Johann
736 3065 755 3118 I.
769 3063 957 3131 (1220-1266
972 3063 1045 3133 April
1058 3065 1096 3131 4),
1116 3063 1148 3116 da
1167 3081 1212 3116 um
1230 3076 1295 3132 ¹²74
1314 3063 1355 3115 die
1375 3065 1503 3132 jungeren
1517 3061 1603 3114 Math-

338 3151 432 3222 grafeu
451 3152 493 3204 bei
513 3151 686 3220 Erneuerung
705 3151 752 3203 der
771 3152 839 3203 Bitte
858 3151 933 3204 ihren
953 3151 1034 3202 Vater
1058 3149 1095 3202 uls
1116 3151 1271 3203 verstorben
1291 3150 1460 3202 bezeichnen.
1499 3149 1542 3202 Sie
1562 3165 1602 3202 er-

339 3240 455 3292 wdhnen
474 3238 628 3291 mehrfache
642 3237 814 3308 Bittgesuche
824 3237 943 3308 Johanns
958 3255 990 3290 au
1004 3237 1050 3290 das
1063 3236 1284 3308 Generalhapitel.
1309 3238 1365 3288 Aus
1379 3236 1487 3305 obigern
1502 3235 1604 3306 ergiebt

339 3327 396 3379 sich
414 3327 456 3379 die
475 3326 644 3396 Richtigkeit.
681 3325 743 3397 Vgl.
765 3335 854 3379 unten.
891 3325 973 3378 Diese
992 3325 1123 3378 Nummer
1147 3329 1217 3395 trtigt
1237 3324 1279 3378 die
1298 3315 1475 3378 Uberschrit't:
1500 3323 1601 3376 Peticio

339 3415 481 3468 domorum
501 3423 527 3468 et
547 3415 721 3485 r(esponsio).

450 3675 696 3762 Ordensgenerul
727 3675 877 3757 lohannes
907 3675 1073 3762 verspricbt
1104 3674 1170 3738 dem
1195 3673 1400 3758 Morkgraseu
1433 3673 1551 3754 Johann
1580 3673 1604 3736 I.

339 3787 397 3828 eron
413 3762 646 3848 Brundenburg,
671 3762 805 3828 ntehrere
827 3762 947 3828 Brrider
971 3763 1024 3827 ruit
1047 3761 1100 3826 der
1120 3760 1294 3846 Griindung
1317 3763 1395 3825 eines
1418 3758 1550 3825 Klosters
1574 3761 1604 3823 iu

339 3853 449 3916 seinem
475 3849 579 3916 Gebiet
601 3873 640 3936 qu
665 3848 876 3938 benustragen.
923 3848 1028 3936 (Puris
1053 3850 1136 3932 1264
1160 3847 1257 3938 Irini.)

445 3953 558 4023 Illustri
591 3955 722 4042 principi
752 3953 951 4041 dominoque
980 3951 1152 4038 magnifico
1182 3953 1320 4037 Johanni
1342 3952 1403 4018 Dei
1434 3951 1603 4018 clemencia

341 4041 517 4108 marchioni
540 4040 836 4128 brandenburgensi
874 4040 968 4108 frater
990 4039 1188 4128 Jo(hannes)
1212 4063 1269 4128 per
1296 4039 1432 4106 divinam
1472 4039 1602 4125 gratiam

340 4129 474 4215 gloriam
500 4131 652 4218 consequi
680 4130 893 4216 sempiteram.
941 4130 1089 4196 Recitatis
1118 4129 1150 4193 in
1174 4147 1244 4194 cetu
1267 4126 1395 4195 fratrum
1419 4138 1604 4193 nostrorum

341 4216 509 4304 capitulum
521 4215 745 4283 celebrantium
762 4214 1001 4302 magnificencie
1012 4227 1115 4282 vestre
1128 4215 1248 4295 litteris,
1265 4217 1295 4281 iu
1313 4213 1424 4302 quibus
1437 4211 1604 4300 dom(um)

340 4305 441 4370 nostri
464 4303 584 4370 ordinis
607 4306 638 4369 in
656 4305 751 4370 vestri
775 4302 909 4369 dominii
932 4304 1075 4369 terminis
1099 4303 1262 4388 petivistis,
1286 4299 1442 4388 cun(c)tis
1466 4298 1604 4366 assiden-

340 4389 421 4458 tibus
437 4403 540 4458 vestre
557 4390 743 4457 devocionis
759 4391 910 4456 instancia
923 4389 1148 4476 complacebat,
1166 4389 1242 4454 mihi
1255 4411 1382 4476 quoque
1396 4410 1434 4454 ex
1451 4389 1603 4474 imposito

340 4479 465 4548 noviter
479 4475 587 4544 officio
611 4479 755 4564 angustia
770 4478 937 4564 suspiranti
960 4476 1066 4563 gaudii
1088 4475 1252 4562 spiritualis
1276 4474 1362 4541 iubar
1385 4474 1493 4556 illuxit,
1517 4473 1604 4561 quod

339 4587 413 4645 vos,
444 4566 497 4652 qui
528 4566 643 4631 terreni
676 4564 821 4630 culminis
854 4562 1035 4630 excellentia
1067 4565 1111 4628 sic
1140 4562 1276 4642 floretis,
1308 4561 1533 4628 nichilominus
1565 4560 1605 4627 ad

340 4650 581 4738 ampliacionem
606 4651 702 4717 divini
719 4651 820 4717 cultus
843 4652 875 4716 in
899 4661 979 4717 terra
995 4668 1097 4716 vestra
1121 4647 1284 4800 querendo
1301 4660 1333 4714 et
1356 4646 1519 4734 sapiendo,
1543 4651 1605 4734 que¹

340 4738 402 4803 Dei
424 4749 514 4818 sunt,
548 4761 603 4824 per
630 4737 796 4806 salutarem
827 4737 1004 4804 doctrinam
1032 4749 1096 4802 tam
1138 4747 1323 4822 requenter,
1353 4747 1417 4802 tam
1446 4733 1605 4800 ferventer

340 4844 467 4912 tamque
484 4824 702 4911 sollempniter
726 4825 886 4892 anhelatis.
922 4825 960 4890 Fr
977 4847 1050 4890 ecce
1067 4823 1230 4889 vobiscum
1248 4841 1279 4887 et
1303 4845 1360 4908 pro
1377 4819 1467 4888 vobis
1484 4819 1605 4888 diversa
