3822 5592
325 607 349 677 J.
371 611 445 676 1276.
914 613 1009 668 Briefe.
1534 621 1591 668 101

327 761 494 911 lrotpinum
519 765 645 830 caritate
674 787 783 831 arcum
807 777 966 847 conterat,
996 789 1082 834 arma
1106 767 1300 855 confringat,
1329 770 1448 836 conflet
1471 769 1596 856 gladios
1647 819 1649 825 ι

326 869 359 934 m
394 868 506 933 tgones
530 899 537 914 .
563 899 570 914 .
596 901 602 914 .
1197 893 1199 898 ·

368 989 395 994 -.
401 990 522 996 .—.-—--.
527 991 639 999 .-,-.-..

433 1064 440 1094 ¹
460 1073 540 1110 manu
559 1055 712 1111 undeutlich
729 1057 782 1112 HS.
855 1059 994 1113 ¹oborata
1013 1060 1064 1114 HS.

429 1247 485 1303 Fol.
501 1263 558 1319 123.
591 1249 653 1303 Vou
671 1251 791 1322 quamvis
811 1251 962 1322 hujusmodi
980 1253 1098 1308 mutacio
1117 1271 1149 1308 an
1169 1253 1278 1308 werden
1297 1253 1339 1309 die
1357 1255 1496 1309 einzelnen
1514 1257 1592 1310 Saitae
1656 1276 1659 1282 Δ

324 1338 372 1390 mit
391 1335 457 1390 adde
476 1337 498 1390 si
516 1337 555 1390 vis
574 1337 711 1409 angeffigt.
749 1338 980 1394 Wahrscheinlich
999 1341 1131 1413 Konzept.
1168 1342 1204 1396 Es
1222 1341 1291 1414 folgt
1313 1342 1385 1397 noch
1404 1343 1463 1396 eine
1481 1341 1592 1414 lingere

324 1423 405 1479 Stelle
424 1441 470 1478 aus
489 1424 634 1480 Cassiodor
657 1426 722 1479 tiber
744 1426 796 1480 den
815 1426 936 1482 Frieden.
973 1427 1029 1484 Ans
1053 1428 1116 1483 dem
1134 1427 1279 1484 Schreiben
1304 1429 1387 1502 klingt
1406 1428 1523 1484 deutlich
1545 1429 1592 1484 der

324 1513 424 1566 Unmut
443 1511 490 1566 des
509 1512 669 1567 Provinzials
689 1514 754 1567 t'tber
772 1514 818 1568 das
837 1514 990 1586 leonigliche
1009 1516 1156 1572 Ansinnen.

932 1742 978 1811 77.

427 1863 605 1950 Provingiol
635 1863 775 1954 (Uiriclr)
806 1865 871 1930 teile
898 1865 955 1930 den
985 1865 1143 1931 deutschen
1166 1865 1410 1933 Dominikancrn
1441 1866 1489 1933 dic
1516 1868 1587 1933 Ver-

321 1950 433 2037 lrgung
455 1951 505 2016 des
528 1949 834 2039 Provinzialkapitels
857 1954 921 2018 mit.
969 1949 1097 2043 (1276.)

424 2053 628 2121 Provincialis
651 2055 806 2121 universis
829 2079 885 2144 per
908 2056 1127 2123 Teuthoniam
1155 2055 1299 2123 fratribus
1322 2056 1362 2123 de
1386 2055 1590 2124 translatione

320 2139 454 2227 capituli.
487 2141 693 2209 Universitati
702 2153 806 2208 vestre
822 2142 1021 2231 presentibus
1033 2144 1222 2224 innotescat,
1239 2141 1327 2244 quod
1343 2165 1454 2296 auger,
1471 2167 1544 2210 cum
1557 2145 1589 2210 in

319 2225 457 2312 partibus
473 2225 624 2315 degerem
647 2227 872 2310 transalbinis,¹
895 2231 999 2317 recepi
1015 2229 1133 2296 litteras
1149 2228 1275 2296 illustris
1291 2253 1325 2296 re
1349 2231 1375 2296 is
1417 2251 1587 2296 oemorum

319 2337 355 2380 ac
378 2312 509 2382 fratrum
534 2327 711 2382 conventus
725 2315 931 2383 Wiennensis
955 2340 1016 2384 nec
1039 2341 1106 2384 non
1130 2317 1265 2384 aliorum
1288 2252 1348 2384 sud
1370 2316 1589 2384 obtestatione

320 2400 485 2469 multifaria
521 2426 580 2490 sug
605 2404 779 2485 erentium,
812 2414 967 2491 quatenus
998 2417 1127 2492 proter
1162 2405 1332 2492 opiniones
1365 2403 1520 2472 bellorum
1558 2417 1590 2472 et

320 2487 507 2573 sediciones,
532 2425 643 2580 quibus
665 2491 790 2558 Austria
814 2515 886 2559 cum
909 2428 1122 2560 adiacentibus
1145 2491 1203 2560 sibi
1223 2493 1394 2582 provinciis
1417 2491 1588 2576 lacessitur,

320 2579 511 2665 provinciale
523 2589 669 2646 nostrum
683 2578 852 2668 capitulum
863 2580 1074 2663 transferatur,
1091 2579 1277 2683 perturbatis
1287 2582 1374 2649 enim
1384 2581 1588 2649 conscientiis
1635 2645 1638 2652 ,
1693 2621 1697 2628 ‹

320 2690 394 2733 seva
423 2665 687 2754 presuntentibus.
746 2667 791 2733 Ita
825 2690 880 2755 per
914 2670 1059 2735 omniunt
1094 2692 1215 2737 viarum
1249 2669 1350 2756 capita
1381 2679 1412 2736 et
1438 2669 1586 2736 itinerum

320 2755 458 2840 compita
474 2752 643 2821 custodum
666 2753 818 2821 industria
832 2755 940 2842 vigilat
963 2767 1168 2837 armatorum,
1192 2768 1226 2822 ut
1246 2779 1345 2822 nemo
1361 2755 1587 2845 cuiuscumque

319 2841 382 2906 vite
405 2851 457 2906 aut
480 2839 688 2927 professionis
716 2839 788 2907 illuc
811 2840 934 2928 ingredi
962 2853 1014 2908 aut
1038 2837 1162 2929 regredi
1185 2841 1285 2909 valeat
1315 2841 1398 2909 salva
1421 2864 1507 2929 pace.
1554 2843 1587 2909 Si

318 2949 379 3012 que
411 2927 615 2994 inveniuntur
645 2925 745 2994 littere
781 2929 863 2994 inter
892 2927 1066 2995 discussam
1102 2926 1351 3016 suppellectilem
1383 2944 1414 2995 et
1444 2925 1586 2996 lustratas

318 3013 443 3080 exuvias
467 3012 674 3097 nudatorum,
704 3015 771 3102 ipse
798 3016 896 3083 totius
926 3017 1038 3084 secreti
1066 3015 1217 3083 iacturam
1243 3012 1380 3083 subeunt
1402 3015 1515 3083 laniate
1537 3016 1587 3084 vel

317 3112 416 3183 certe,
449 3103 474 3168 si
505 3102 673 3192 quicquam
704 3101 889 3185 continent,
922 3101 1009 3193 quod
1039 3105 1194 3172 maiestati
1225 3103 1313 3192 regie
1336 3105 1375 3170 sit
1406 3102 1585 3187 adversum,

315 3189 481 3256 tremende
511 3191 623 3258 mortis
652 3189 815 3279 dispendia
847 3192 984 3279 portitor
1014 3215 1082 3258 non
1118 3190 1239 3260 evadet.
1291 3191 1449 3273 Quamvis
1479 3203 1585 3259 autem

316 3279 530 3368 experimenta
554 3290 585 3347 et
601 3280 791 3348 testimonia
813 3280 909 3347 nimis
925 3277 1084 3348 credibilia
1106 3292 1283 3348 astruerent
1303 3279 1387 3349 hunc
1409 3303 1584 3364 rumorem,

316 3391 352 3434 ea
367 3386 473 3435 tamen
491 3369 535 3436 uti
551 3391 618 3437 non
635 3367 727 3436 debui
744 3379 911 3457 potestate,
927 3387 961 3437 ut
977 3392 1033 3457 per
1050 3393 1102 3436 me
1119 3369 1333 3445 convellerem
1348 3381 1400 3436 aut
1416 3379 1584 3454 mutarem,

315 3455 401 3543 quod
424 3479 481 3544 per
497 3458 751 3544 conscriptorum
770 3468 838 3524 acta
853 3469 979 3545 patrum
1002 3456 1103 3525 fuerat
1118 3458 1246 3525 racione
1263 3456 1455 3525 ordinatum.
1488 3457 1584 3526 Unde

314 3543 346 3608 in
371 3541 503 3610 domum
522 3597 529 3610 .
548 3597 555 3610 .
571 3545 693 3646 priores
717 3556 749 3612 et
772 3543 881 3612 fratres
905 3544 1063 3634 quosdam
1086 3545 1164 3613 alios
1189 3543 1278 3612 dono
1302 3544 1426 3612 consilii
1441 3545 1583 3634 preditos

315 3633 501 3713 convocavi,
526 3631 638 3720 qutbus
653 3655 716 3698 una
739 3656 867 3699 mecum
883 3634 987 3701 visum
1012 3644 1060 3700 est
1082 3633 1203 3699 bonum
1222 3643 1254 3699 et
1278 3631 1449 3720 expediens
1464 3631 1581 3700 habun-

314 3715 408 3784 dante
425 3718 543 3785 cautela
566 3719 745 3806 prospicere
756 3719 882 3800 ‚ordinis
907 3719 1076 3802 honestati,
1099 3731 1134 3786 ut
1149 3717 1296 3788 videlicet
1316 3731 1437 3786 secreta
1452 3719 1581 3788 fratrum

313 3798 433 3891 direpta
463 3827 531 3870 non
562 3817 720 3892 ponantur
747 3805 803 3872 sub
835 3805 935 3873 oculis
963 3806 1039 3872 solis
1068 3806 1176 3888 liuius,
1214 3807 1310 3872 etiam
1338 3808 1364 3872 si
1396 3805 1495 3872 nullas
1524 3808 1583 3958 ipsi

311 3901 492 3975 paterentur
515 3890 723 3959 contumelias
751 3903 783 3959 et
812 3915 945 3960 errores.
999 3893 1097 3979 Igitur
1127 3893 1159 3958 in
1183 3894 1317 3959 nomine
1345 3891 1440 3979 patris
1469 3911 1500 3959 et
1551 3891 1582 3959 lii

312 3995 343 4042 et
366 3978 491 4064 spiritus
514 3979 613 4044 sancti
637 4001 719 4045 onus
743 3991 774 4046 et
796 3980 957 4047 honorem
980 3978 1181 4067 provincialis
1205 3981 1307 4046 nostri
1331 3979 1466 4068 capituli,
1494 3979 1581 4068 quod

311 4065 343 4128 in
360 4063 498 4130 Wienna
522 4063 671 4132 debuerat
687 4064 845 4148 celebrari,
869 4066 908 4133 ad
923 4064 1059 4133 domum
1084 4117 1090 4133 .
1117 4119 1124 4134 .
1148 4065 1304 4133 transfero
1328 4087 1384 4153 per
1406 4085 1580 4153 presentes,

311 4149 464 4216 mandans
487 4150 574 4239 quod
597 4153 718 4238 priores
742 4153 857 4254 singuli
881 4177 954 4219 cum
979 4153 1086 4220 electis
1117 4151 1176 4219 sibi
1199 4154 1294 4219 sociis
1318 4151 1357 4218 ad
1380 4151 1488 4219 locum
1511 4174 1588 4238 pre·-

311 4233 430 4303 dictum
455 4238 485 4302 in
510 4239 670 4304 nativitate
693 4239 824 4325 virginis
847 4238 987 4326 gloriose
1012 4251 1124 4306 curent
1152 4237 1314 4321 accedere,
1339 4250 1373 4306 ut
1396 4249 1534 4327 oportet.

417 4453 425 4482 ¹
445 4445 481 4498 So
500 4445 551 4499 HS.

315 4553 327 4560 ο
340 4554 401 4560 ..-—

417 4601 471 4656 fot.
487 4616 543 4667 124.
576 4603 612 4656 Es
631 4603 712 4674 lolgt:
732 4605 872 4672 Fratribus,
893 4605 935 4658 ubi
954 4605 1060 4676 ponitur
1077 4605 1304 4675 capitulumfere
1323 4623 1369 4675 per
1383 4605 1453 4658 hunc
1467 4604 1579 4661 modum

313 4703 393 4758 usque
412 4688 446 4742 ibi
460 4689 602 4743 »celebrari
615 4690 648 4744 ad
661 4691 798 4746 domum«.
826 4691 946 4746 Addatur
958 4699 1083 4746 vestram.
1109 4691 1250 4758 Fratribus,
1270 4691 1313 4745 ubi
1327 4700 1388 4762 post
1400 4691 1448 4744 fuit
1461 4692 1579 4762 positum

312 4775 454 4846 capitulum
473 4777 625 4846 simpliciter
644 4787 672 4832 ut
691 4781 817 4850 supraO).
