3828 5590
369 594 411 660 86
957 606 1051 661 Briel.
1441 609 1463 678 J.
1486 623 1630 679 1272-77.

367 778 475 833 tamen
497 787 534 830 su
557 763 742 851 plicantibus
765 762 991 830 condescendo
1014 761 1141 842 volens,
1170 761 1257 849 quod
1280 761 1363 828 nulla
1393 762 1433 830 de
1456 764 1526 850 ipso
1550 765 1631 851 apud

366 873 477 938 regem
500 787 555 917 vel
572 850 667 918 aliurn
689 850 888 938 querimonia
911 847 1068 916 deferatur
1091 900 1098 915 .
1124 901 1131 914 .
1157 900 1164 914 .
1188 849 1258 936 Ego
1282 860 1387 916 autem
1411 851 1631 918 auctoritatem

367 935 550 1006 absolvendi
580 938 685 1024 ipsum
712 935 749 1003 ab
780 936 1112 1002 excommunicatione
1139 957 1207 1001 non
1235 936 1337 1002 habeo
1361 935 1550 1003 ordinariam
1582 937 1632 1003 vel

367 1025 462 1090 etiarn
482 1022 659 1109 delegatam
681 1044 742 1089 nec
762 1021 870 1104 crede,
893 1020 980 1111 quod
996 1021 1146 1088 dominus
1162 1021 1402 1108 Ratisponensis
1418 1022 1539 1104 habeat,
1560 1046 1631 1089 cum

366 1109 497 1176 fratrum
521 1127 727 1176 conservator
750 1109 800 1190 sit,
823 1130 890 1174 non
913 1130 1077 1188 sororum,
1105 1109 1165 1173 nisi
1189 1131 1227 1175 ex
1250 1110 1479 1175 commissione
1502 1108 1632 1176 forsitan

366 1194 502 1282 speciali.
538 1195 787 1262 Communicant
825 1192 932 1260 uidem
955 1215 1083 1258 sorores
1099 1193 1191 1260 nobis
1215 1196 1247 1260 in
1271 1193 1450 1281 privilegiis,
1474 1195 1633 1282 inquibus

365 1280 519 1348 beneficia
540 1279 720 1382 principalia
744 1303 777 1346 se
800 1217 938 1361 dilatant,
962 1291 1010 1346 set
1032 1300 1100 1345 non
1124 1281 1168 1345 sic
1191 1281 1223 1345 in
1247 1281 1414 1368 rescriptis,
1437 1303 1499 1367 que
1522 1303 1634 1368 proce·

366 1367 445 1435 dunt
468 1379 581 1434 semita
603 1367 769 1434 strictiore.
815 1365 927 1434 Valete
951 1377 1010 1433 etc.

471 1575 527 1630 Fol.
549 1585 621 1643 135v
638 1573 692 1628 und
712 1573 770 1643 136.
806 1574 867 1626 Wie
886 1589 933 1626 aus
951 1572 1014 1626 dem
1033 1573 1146 1626 zweiten
1166 1571 1252 1626 Briele
1270 1573 1327 1626 sicli
1347 1574 1457 1642 ergiebt,
1478 1574 1585 1628 ltandelt
1606 1591 1634 1627 es

367 1663 424 1716 sich
442 1679 488 1716 um
507 1663 550 1714 ein
568 1661 742 1714 Verbrechen
760 1676 851 1730 gegen
870 1661 913 1712 ein
932 1659 1143 1713 Frauenlrloster.

975 1867 1023 1935 bl.

464 1996 650 2094 'Provinzial
663 2005 805 2160 {Ulriclp
821 2005 949 2073 schreibt
964 2029 1005 2073 art
1021 1969 1142 2090 Kloster
1160 2006 1273 2074 Sirrrarr
1297 2007 1370 2073 tiber
1389 2011 1452 2074 aine
1465 2011 1635 2096 gesangerra

369 2094 533 2162 Schwsstcr
555 2095 620 2160 und
641 2102 661 2159 ri
682 2118 714 2160 er
737 2094 795 2160 den
815 2093 985 2182 gebanntert
1010 2094 1154 2182 Letrpold.
1201 2091 1301 2178 (1272
1317 2095 1460 2185 -1277.)

471 2216 606 2283 Devotis
628 2217 661 2281 in
679 2215 808 2282 Christo
831 2217 980 2303 priorisse
1004 2235 1035 2282 et
1050 2217 1213 2282 sororibus
1236 2217 1268 2281 in
1284 2215 1496 2284 Sirmenowe.
1533 2216 1634 2296 Quod

365 2304 536 2390 inportuna
559 2324 652 2368 soror
674 2301 723 2368 illa
746 2303 860 2369 iterum
883 2303 1061 2369 incarcere
1083 2325 1141 2389 per
1163 2301 1309 2369 scultheti
1332 2302 1568 2389 providenciam
1587 2317 1634 2370 est

366 2390 497 2471 reclusa,
521 2389 662 2477 approbo
686 2412 743 2477 per
764 2408 939 2477 presentes,
961 2389 1073 2456 volens
1090 2386 1176 2477 quod
1200 2387 1316 2456 ibidem
1333 2412 1432 2478 usque
1456 2389 1495 2456 ad
1511 2412 1634 2457 correc-

364 2478 488 2543 tionem
512 2475 650 2543 debitam
680 2477 817 2542 strictius
844 2487 988 2543 teneatur
1012 2488 1043 2543 et
1071 2477 1140 2542 sine
1164 2499 1239 2542 meo
1270 2499 1430 2543 consensu
1458 2476 1634 2544 nullatenus

366 2563 549 2630 dimittatur.
600 2563 663 2650 Ipsi
695 2575 802 2630 autern
830 2561 997 2649 Leupoldo
1029 2561 1227 2630 molestatori
1260 2583 1383 2645 vestro,
1438 2565 1559 2630 uamvis
1593 2563 1634 2629 ob

366 2649 619 2736 magnitudinem
651 2650 790 2716 criminis
820 2651 953 2736 gratiam
984 2650 1117 2716 minime
1149 2651 1314 2730 meruerit,
1348 2587 1573 2717 condescendo
1604 2663 1635 2716 et

365 2737 501 2838 ignosco
525 2736 663 2824 culpam,
695 2733 874 2802 dummodo
897 2735 988 2802 vobis
1019 2734 1184 2803 satisfaciat
1207 2735 1246 2802 ad
1268 2748 1448 2804 vestrorum
1472 2736 1633 2803 arbitrium

366 2845 552 2889 amrcorum.
599 2822 653 2888 Set
677 2820 716 2888 de
740 2823 1072 2888 excommunicatione
1102 2824 1206 2910 ipsum
1229 2821 1413 2889 absolvendi
1441 2846 1507 2888 non
1532 2822 1633 2889 habeo

365 2919 567 2994 potestatem,
591 2918 639 2974 set
654 2907 693 2973 ad
708 2930 822 2994 papam
838 2907 999 2994 oportebit
1014 2909 1118 2993 ipsum
1134 2929 1293 2973 recurrere
1309 2907 1359 2974 vel
1375 2920 1632 2975 conservatorem

355 2993 457 3086 vobis
480 2994 656 3080 specialiter
680 2991 875 3080 deputatum.
923 2992 1034 3059 Valete
1058 3011 1089 3059 et
1113 3005 1201 3058 orate
1224 3015 1283 3080 pro
1307 3015 1369 3058 me.

473 3199 584 3272 F01.36.
615 3199 906 3266 KlosterSirnau124r
929 3199 1088 3271 gegrbndet,
1110 3213 1173 3269 1245
1189 3200 1240 3271 Juli
1256 3213 1287 3266 14
1305 3199 1352 3253 der
1370 3217 1431 3253 cura
1450 3199 1497 3254 der
1510 3199 1632 3254 Doruiui-

367 3291 447 3344 lraner
466 3289 619 3360 ubergeben
639 3289 810 3356 (Wbrttenrb.
831 3288 885 3342 UB.
900 3288 937 3340 IV
956 3287 1002 3343 Nr.
1021 3289 1070 3360 983
1087 3289 1140 3342 und
1160 3289 1245 3360 1097),
1265 3287 1357 3341 wurde
1376 3293 1465 3358 spalter
1484 3289 1552 3342 nach
1576 3288 1633 3342 Efs·

369 3378 462 3450 lingen
480 3378 592 3448 verlegt.

978 3531 1026 3598 58.

474 3671 652 3755 Provincia!
675 3667 800 3756 (Utrich
842 3672 1021 3756 vcnveigcrt
1047 3671 1127 3734 scine
1155 3669 1368 3756 Zustimrmmg
1395 3693 1465 3754 <unt
1499 3668 1639 3754 Vrrlcrnrs

368 3780 427 3823 von
446 3757 562 3824 Gritarn
584 3758 691 3822 scitans
713 3755 764 3821 des
825 3806 831 3820 .
853 3755 968 3821 Wciler
991 3755 1054 3820 und
1074 3755 1202 3821 schreibt
1225 3755 1298 3820 tiber
1321 3755 1367 3820 dic
1384 3754 1562 3842 Ausitahme
1577 3778 1635 3821 von

371 3844 519 3929 Novircn.
565 3841 824 3933 (1272—1277.)

475 3965 601 4031 Devote
616 3967 649 4030 in
666 3964 795 4032 Christo
813 4016 820 4031 .
839 4016 846 4031 .
862 3964 1011 4052 priorisse
1034 3965 1066 4029 in
1082 3963 1226 4030 Wilario.
1261 3960 1509 4030 Necessitatibus
1525 3965 1635 4032 vestris

369 4063 502 4138 patemo
526 4074 599 4117 com
623 4053 708 4118 acior
725 4074 763 4118 ex
787 4050 910 4132 affectu,
933 4073 993 4119 nec
1015 4062 1123 4117 tamen
1147 4052 1179 4116 in
1196 4050 1265 4132 hiis,
1289 4072 1350 4138 que
1374 4051 1479 4116 minus
1502 4049 1635 4137 provide

376 4139 488 4220 'etitis,
518 4161 571 4205 me
595 4075 686 4206 decet
717 4161 856 4204 annuere
879 4139 962 4205 votis
985 4139 1110 4218 vestris,
1139 4161 1180 4203 ne
1203 4135 1440 4204 falsa'remedia
1461 4135 1636 4225 probentur

368 4162 438 4292 ieri
469 4227 551 4292 veris
582 4224 727 4312 periculis
754 4226 907 4311 graviora.
954 4223 1092 4291 Proinde
1123 4223 1210 4312 quod
1233 4223 1376 4291 vendatis
1400 4225 1635 4376 possessiones,

369 4335 446 4400 quas
468 4313 595 4378 iamiam
626 4313 657 4378 in
681 4335 758 4398 pace
785 4312 927 4378 noscitur
949 4324 1090 4378 vestrum
1118 4311 1347 4378 monasterium
1378 4313 1537 4391 otinere,
1568 4332 1635 4376 non

369 4397 511 4487 approbo
535 4420 594 4466 nec
618 4397 775 4479 concedo,
798 4399 859 4465 nisi
881 4396 961 4464 adeo
985 4399 1088 4484 gravis
1111 4409 1241 4484 urgeret.
1260 4399 1431 4464 necessitas
1446 4397 1496 4464 vel
1519 4396 1653 4472 utilitas,

369 4485 528 4567 arrideret,
551 4484 639 4573 quod
663 4536 695 4552 ..
720 4487 816 4572 prior,
833 4536 866 4552 ..
889 4484 999 4566 lector,
1021 4485 1216 4572 ..supprior
1232 4507 1305 4550 cum
1328 4483 1469 4550 discretis
1492 4482 1636 4550 fratribus

370 4586 402 4640 et
413 4572 479 4639 aliis
494 4574 602 4639 amicis
615 4572 784 4638 claustrum
796 4569 997 4658 diligentibus
1013 4570 1185 4638 iudicarent
1200 4571 1288 4637 aliter
1303 4568 1492 4637 faciendum.
1517 4571 1637 4657 Recep-

369 4663 475 4728 tiones
498 4681 625 4748 quoque
648 4681 857 4746 personarum
880 4680 946 4724 non
971 4659 1122 4725 consuevi
1146 4658 1333 4746 generaliter
1357 4655 1536 4743 indulgere,
1565 4657 1637 4744 quin
1686 4721 1689 4727 .

370 4747 555 4835 plerumque
578 4768 706 4812 sorores
735 4744 773 4812 ad
798 4744 934 4831 dampna
962 4745 1074 4832 inpulit
1096 4745 1155 4811 hec
1183 4744 1317 4811 libertas.
1364 4743 1459 4810 Unde
1482 4745 1509 4809 si
1537 4743 1638 4831 aliqua

371 4847 455 4901 certa
470 4856 605 4921 persona
622 4834 796 4912 emerserit,
812 4853 873 4919 que
890 4831 1092 4898 conditiones
1107 4831 1218 4899 habeat
1233 4833 1396 4916 gratiosas,
1421 4831 1497 4896 milri
1516 4828 1555 4896 de
1573 4832 1637 4916 ipsa
