<?xml version="1.0" encoding="UTF-8"?>
<!DOCTYPE html PUBLIC "-//W3C//DTD XHTML 1.0 Transitional//EN"
    "http://www.w3.org/TR/xhtml1/DTD/xhtml1-transitional.dtd">
<html xmlns="http://www.w3.org/1999/xhtml" xml:lang="en" lang="en">
 <head>
  <title>
</title>
<meta http-equiv="Content-Type" content="text/html;charset=utf-8" />
  <meta name='ocr-system' content='tesseract 3.04.00' />
  <meta name='ocr-capabilities' content='ocr_page ocr_carea ocr_par ocr_line ocrx_word'/>
</head>
<body>
  <div class='ocr_page' id='page_1' title='image "./ungedrucktedomi00finkgoog_0079.png"; bbox 0 0 3828 5590; ppageno 0'>
   <div class='ocr_carea' id='block_1_1' title="bbox 967 603 1622 828">
    <p class='ocr_par' dir='ltr' id='par_1_1' title="bbox 967 603 1622 828">
     <span class='ocr_line' id='line_1_1' title="bbox 1434 603 1622 675; baseline 0.011 -19"><span class='ocrx_word' id='word_1_1' title='bbox 1434 605 1456 674; x_wconf 88' lang='lat' dir='ltr'>J.</span> <span class='ocrx_word' id='word_1_2' title='bbox 1481 603 1622 675; x_wconf 82' lang='lat'>1266-69.</span> 
     </span>
     <span class='ocr_line' id='line_1_2' title="bbox 967 760 1020 828; baseline -0.038 0"><span class='ocrx_word' id='word_1_3' title='bbox 967 760 1020 828; x_wconf 78' lang='grc'>24.</span> 
     </span>
    </p>
   </div>
   <div class='ocr_carea' id='block_1_2' title="bbox 360 880 1624 1057">
    <p class='ocr_par' dir='ltr' id='par_1_2' title="bbox 360 880 1624 1057">
     <span class='ocr_line' id='line_1_3' title="bbox 467 880 1624 969; baseline -0.003 -19"><span class='ocrx_word' id='word_1_4' title='bbox 467 883 645 969; x_wconf 73' lang='lat' dir='ltr'>Prouinp&#39;ul</span> <span class='ocrx_word' id='word_1_5' title='bbox 668 883 811 949; x_wconf 85' lang='lat' dir='ltr'>Edrrruud</span> <span class='ocrx_word' id='word_1_6' title='bbox 831 881 941 948; x_wconf 82' lang='lat' dir='ltr'>srbiclt</span> <span class='ocrx_word' id='word_1_7' title='bbox 965 885 1046 948; x_wconf 84' lang='lat' dir='ltr'>einer</span> <span class='ocrx_word' id='word_1_8' title='bbox 1069 881 1293 948; x_wconf 79' lang='lat' dir='ltr'>Wobltbdterr&#39;u</span> <span class='ocrx_word' id='word_1_9' title='bbox 1316 884 1363 949; x_wconf 83' lang='lat' dir='ltr'>eiu</span> <span class='ocrx_word' id='word_1_10' title='bbox 1386 880 1545 961; x_wconf 78' lang='lat' dir='ltr'>kostdares,</span> <span class='ocrx_word' id='word_1_11' title='bbox 1569 903 1624 947; x_wconf 88' lang='lat' dir='ltr'>nus</span> 
     </span>
     <span class='ocr_line' id='line_1_4' title="bbox 360 965 1539 1057; baseline -0.002 -21"><span class='ocrx_word' id='word_1_12' title='bbox 360 973 467 1053; x_wconf 71' lang='lat' dir='ltr'>ferrern</span> <span class='ocrx_word' id='word_1_13' title='bbox 491 970 617 1036; x_wconf 83' lang='lat' dir='ltr'>Landen</span> <span class='ocrx_word' id='word_1_14' title='bbox 639 969 838 1036; x_wconf 84' lang='lat' dir='ltr'>starnmerrdes</span> <span class='ocrx_word' id='word_1_15' title='bbox 868 968 950 1034; x_wconf 84' lang='lat' dir='ltr'>Tuch</span> <span class='ocrx_word' id='word_1_16' title='bbox 973 993 1030 1054; x_wconf 66' lang='lat' dir='ltr'>&lt;ur</span> <span class='ocrx_word' id='word_1_17' title='bbox 1053 969 1265 1056; x_wconf 83' lang='lat' dir='ltr'>Bearber&#39;tuug.</span> <span class='ocrx_word' id='word_1_18' title='bbox 1313 965 1414 1056; x_wconf 80' lang='lat'><em>(1266</em></span> <span class='ocrx_word' id='word_1_19' title='bbox 1420 968 1539 1057; x_wconf 74' lang='grc' dir='ltr'>-69.)Ι</span> 
     </span>
    </p>
   </div>
   <div class='ocr_carea' id='block_1_3' title="bbox 360 1071 1626 2030">
    <p class='ocr_par' dir='ltr' id='par_1_3' title="bbox 360 1071 1626 2030">
     <span class='ocr_line' id='line_1_5' title="bbox 466 1071 1623 1173; baseline -0.003 -34"><span class='ocrx_word' id='word_1_20' title='bbox 466 1075 592 1141; x_wconf 91' lang='lat' dir='ltr'>Devote</span> <span class='ocrx_word' id='word_1_21' title='bbox 620 1075 653 1138; x_wconf 94' lang='lat' dir='ltr'>in</span> <span class='ocrx_word' id='word_1_22' title='bbox 677 1073 807 1140; x_wconf 88' lang='lat' dir='ltr'>Christo</span> <span class='ocrx_word' id='word_1_23' title='bbox 835 1071 1058 1160; x_wconf 89' lang='lat' dir='ltr'>E(dmundus)</span> <span class='ocrx_word' id='word_1_24' title='bbox 1088 1073 1174 1173; x_wconf 93' lang='lat' dir='ltr'>prior</span> <span class='ocrx_word' id='word_1_25' title='bbox 1203 1091 1234 1138; x_wconf 87' lang='lat' dir='ltr'>et</span> <span class='ocrx_word' id='word_1_26' title='bbox 1257 1095 1365 1139; x_wconf 91' lang='lat' dir='ltr'>servus</span> <span class='ocrx_word' id='word_1_27' title='bbox 1394 1072 1523 1138; x_wconf 84' lang='lat' dir='ltr'>fratrum</span> <span class='ocrx_word' id='word_1_28' title='bbox 1550 1123 1557 1138; x_wconf 93' lang='lat'><strong>.</strong></span> <span class='ocrx_word' id='word_1_29' title='bbox 1583 1124 1623 1139; x_wconf 87' lang='lat'>..</span> 
     </span>
     <span class='ocr_line' id='line_1_6' title="bbox 360 1157 1624 1246; baseline -0.002 -20"><span class='ocrx_word' id='word_1_30' title='bbox 360 1163 429 1246; x_wconf 87' lang='lat' dir='ltr'>Jam</span> <span class='ocrx_word' id='word_1_31' title='bbox 454 1159 573 1227; x_wconf 91' lang='lat' dir='ltr'>dudum</span> <span class='ocrx_word' id='word_1_32' title='bbox 596 1159 740 1227; x_wconf 86' lang='lat' dir='ltr'>fratribus</span> <span class='ocrx_word' id='word_1_33' title='bbox 764 1161 891 1240; x_wconf 92' lang='lat' dir='ltr'>nostris,</span> <span class='ocrx_word' id='word_1_34' title='bbox 915 1157 985 1225; x_wconf 90' lang='lat' dir='ltr'>filiis</span> <span class='ocrx_word' id='word_1_35' title='bbox 1004 1171 1126 1239; x_wconf 82' lang='lat' dir='ltr'>vestris,</span> <span class='ocrx_word' id='word_1_36' title='bbox 1150 1159 1265 1246; x_wconf 86' lang='lat' dir='ltr'>pietate</span> <span class='ocrx_word' id='word_1_37' title='bbox 1289 1159 1380 1225; x_wconf 90' lang='lat' dir='ltr'>solita</span> <span class='ocrx_word' id='word_1_38' title='bbox 1404 1182 1534 1246; x_wconf 88' lang='lat' dir='ltr'>cappam</span> <span class='ocrx_word' id='word_1_39' title='bbox 1558 1158 1624 1245; x_wconf 91' lang='lat' dir='ltr'>pul·</span> 
     </span>
     <span class='ocr_line' id='line_1_7' title="bbox 362 1244 1625 1313; baseline -0.003 0"><span class='ocrx_word' id='word_1_40' title='bbox 362 1270 446 1313; x_wconf 90' lang='lat' dir='ltr'>cram</span> <span class='ocrx_word' id='word_1_41' title='bbox 470 1247 509 1312; x_wconf 88' lang='lat' dir='ltr'>ad</span> <span class='ocrx_word' id='word_1_42' title='bbox 533 1247 692 1313; x_wconf 85' lang='lat' dir='ltr'>honorem</span> <span class='ocrx_word' id='word_1_43' title='bbox 719 1247 780 1312; x_wconf 92' lang='lat' dir='ltr'>Dei</span> <span class='ocrx_word' id='word_1_44' title='bbox 804 1257 835 1312; x_wconf 92' lang='lat' dir='ltr'>et</span> <span class='ocrx_word' id='word_1_45' title='bbox 866 1244 905 1311; x_wconf 89' lang='lat' dir='ltr'>ad</span> <span class='ocrx_word' id='word_1_46' title='bbox 929 1269 1022 1311; x_wconf 91' lang='lat' dir='ltr'>usum</span> <span class='ocrx_word' id='word_1_47' title='bbox 1045 1244 1260 1311; x_wconf 90' lang='lat' dir='ltr'>ebdomedarii</span> <span class='ocrx_word' id='word_1_48' title='bbox 1283 1245 1425 1312; x_wconf 89' lang='lat' dir='ltr'>habentis</span> <span class='ocrx_word' id='word_1_49' title='bbox 1449 1247 1481 1310; x_wconf 90' lang='lat' dir='ltr'>in</span> <span class='ocrx_word' id='word_1_50' title='bbox 1505 1247 1625 1310; x_wconf 85' lang='lat' dir='ltr'>incensi</span> 
     </span>
     <span class='ocr_line' id='line_1_8' title="bbox 360 1330 1624 1420; baseline -0.002 -21"><span class='ocrx_word' id='word_1_51' title='bbox 360 1334 521 1420; x_wconf 83' lang='lat' dir='ltr'>positione</span> <span class='ocrx_word' id='word_1_52' title='bbox 538 1331 679 1399; x_wconf 82' lang='lat' dir='ltr'>officium</span> <span class='ocrx_word' id='word_1_53' title='bbox 695 1331 874 1418; x_wconf 79' lang='lat' dir='ltr'>archangeli</span> <span class='ocrx_word' id='word_1_54' title='bbox 890 1330 962 1398; x_wconf 89' lang='lat' dir='ltr'>dare</span> <span class='ocrx_word' id='word_1_55' title='bbox 979 1331 1192 1419; x_wconf 91' lang='lat' dir='ltr'>disposuistis;</span> <span class='ocrx_word' id='word_1_56' title='bbox 1231 1331 1296 1398; x_wconf 93' lang='lat' dir='ltr'>uod</span> <span class='ocrx_word' id='word_1_57' title='bbox 1308 1343 1414 1398; x_wconf 90' lang='lat' dir='ltr'>tamen</span> <span class='ocrx_word' id='word_1_58' title='bbox 1431 1333 1499 1397; x_wconf 92' lang='lat' dir='ltr'>sine</span> <span class='ocrx_word' id='word_1_59' title='bbox 1513 1331 1624 1398; x_wconf 88' lang='lat' dir='ltr'>effectu</span> 
     </span>
     <span class='ocr_line' id='line_1_9' title="bbox 362 1355 1625 1505; baseline -0.003 -19"><span class='ocrx_word' id='word_1_60' title='bbox 362 1443 435 1486; x_wconf 91' lang='lat' dir='ltr'>cum</span> <span class='ocrx_word' id='word_1_61' title='bbox 458 1431 561 1487; x_wconf 89' lang='lat' dir='ltr'>vestra</span> <span class='ocrx_word' id='word_1_62' title='bbox 588 1419 733 1485; x_wconf 87' lang='lat' dir='ltr'>molestia</span> <span class='ocrx_word' id='word_1_63' title='bbox 757 1419 788 1484; x_wconf 92' lang='lat' dir='ltr'>in</span> <span class='ocrx_word' id='word_1_64' title='bbox 813 1416 1037 1505; x_wconf 85' lang='lat' dir='ltr'>inpedimentis</span> <span class='ocrx_word' id='word_1_65' title='bbox 1069 1355 1277 1484; x_wconf 81' lang='lat' dir='ltr'>incidentibus</span> <span class='ocrx_word' id='word_1_66' title='bbox 1301 1419 1452 1484; x_wconf 89' lang='lat' dir='ltr'>hactenus</span> <span class='ocrx_word' id='word_1_67' title='bbox 1477 1437 1523 1484; x_wconf 89' lang='lat' dir='ltr'>est</span> <span class='ocrx_word' id='word_1_68' title='bbox 1552 1416 1625 1483; x_wconf 91' lang='lat' dir='ltr'>dila-</span> 
     </span>
     <span class='ocr_line' id='line_1_10' title="bbox 361 1503 1626 1592; baseline -0.003 -19"><span class='ocrx_word' id='word_1_69' title='bbox 361 1519 428 1574; x_wconf 88' lang='lat' dir='ltr'>tum</span> <span class='ocrx_word' id='word_1_70' title='bbox 455 1559 462 1574; x_wconf 89' lang='lat'><strong>.</strong></span> <span class='ocrx_word' id='word_1_71' title='bbox 488 1559 495 1572; x_wconf 94' lang='lat'><strong>.</strong></span> <span class='ocrx_word' id='word_1_72' title='bbox 521 1559 528 1574; x_wconf 91' lang='lat'><strong>.</strong></span> <span class='ocrx_word' id='word_1_73' title='bbox 553 1506 597 1572; x_wconf 94' lang='lat' dir='ltr'>Ut</span> <span class='ocrx_word' id='word_1_74' title='bbox 620 1507 740 1572; x_wconf 91' lang='lat' dir='ltr'>meritis</span> <span class='ocrx_word' id='word_1_75' title='bbox 757 1508 866 1572; x_wconf 89' lang='lat' dir='ltr'>vestris</span> <span class='ocrx_word' id='word_1_76' title='bbox 890 1506 1084 1592; x_wconf 84' lang='lat' dir='ltr'>participem,</span> <span class='ocrx_word' id='word_1_77' title='bbox 1109 1504 1148 1572; x_wconf 90' lang='lat' dir='ltr'>de</span> <span class='ocrx_word' id='word_1_78' title='bbox 1163 1516 1244 1572; x_wconf 89' lang='lat' dir='ltr'>terra</span> <span class='ocrx_word' id='word_1_79' title='bbox 1266 1505 1376 1592; x_wconf 91' lang='lat' dir='ltr'>longin</span> <span class='ocrx_word' id='word_1_80' title='bbox 1401 1528 1439 1571; x_wconf 90' lang='lat' dir='ltr'>ua</span> <span class='ocrx_word' id='word_1_81' title='bbox 1455 1503 1626 1571; x_wconf 90' lang='lat' dir='ltr'>adductum</span> 
     </span>
     <span class='ocr_line' id='line_1_11' title="bbox 361 1528 1626 1680; baseline -0.003 -19"><span class='ocrx_word' id='word_1_82' title='bbox 361 1592 452 1661; x_wconf 90' lang='lat' dir='ltr'>vobis</span> <span class='ocrx_word' id='word_1_83' title='bbox 475 1595 569 1660; x_wconf 92' lang='lat' dir='ltr'>mitto</span> <span class='ocrx_word' id='word_1_84' title='bbox 593 1591 810 1674; x_wconf 86' lang='lat' dir='ltr'>baldekinum,</span> <span class='ocrx_word' id='word_1_85' title='bbox 843 1590 930 1680; x_wconf 93' lang='lat' dir='ltr'>quod</span> <span class='ocrx_word' id='word_1_86' title='bbox 954 1595 986 1658; x_wconf 94' lang='lat' dir='ltr'>in</span> <span class='ocrx_word' id='word_1_87' title='bbox 1009 1614 1069 1658; x_wconf 93' lang='lat' dir='ltr'>suo</span> <span class='ocrx_word' id='word_1_88' title='bbox 1091 1613 1209 1678; x_wconf 85' lang='lat' dir='ltr'>genere</span> <span class='ocrx_word' id='word_1_89' title='bbox 1232 1591 1270 1658; x_wconf 90' lang='lat' dir='ltr'>ab</span> <span class='ocrx_word' id='word_1_90' title='bbox 1293 1528 1442 1658; x_wconf 83' lang='lat' dir='ltr'>omnibus</span> <span class='ocrx_word' id='word_1_91' title='bbox 1472 1602 1626 1658; x_wconf 92' lang='lat' dir='ltr'>contuen-</span> 
     </span>
     <span class='ocr_line' id='line_1_12' title="bbox 361 1678 1626 1768; baseline -0.003 -20"><span class='ocrx_word' id='word_1_92' title='bbox 361 1680 443 1748; x_wconf 84' lang='lat' dir='ltr'>tibus</span> <span class='ocrx_word' id='word_1_93' title='bbox 467 1693 514 1747; x_wconf 92' lang='lat' dir='ltr'>est</span> <span class='ocrx_word' id='word_1_94' title='bbox 537 1678 706 1747; x_wconf 89' lang='lat' dir='ltr'>laudatum.</span> <span class='ocrx_word' id='word_1_95' title='bbox 746 1679 850 1746; x_wconf 89' lang='lat' dir='ltr'>Facite</span> <span class='ocrx_word' id='word_1_96' title='bbox 874 1701 963 1765; x_wconf 92' lang='lat' dir='ltr'>ergo,</span> <span class='ocrx_word' id='word_1_97' title='bbox 987 1678 1074 1768; x_wconf 92' lang='lat' dir='ltr'>quod</span> <span class='ocrx_word' id='word_1_98' title='bbox 1097 1678 1246 1766; x_wconf 89' lang='lat' dir='ltr'>placuerit</span> <span class='ocrx_word' id='word_1_99' title='bbox 1269 1680 1301 1745; x_wconf 92' lang='lat' dir='ltr'>in</span> <span class='ocrx_word' id='word_1_100' title='bbox 1324 1679 1424 1746; x_wconf 91' lang='lat' dir='ltr'>oculis</span> <span class='ocrx_word' id='word_1_101' title='bbox 1447 1680 1569 1761; x_wconf 91' lang='lat' dir='ltr'>vestris,</span> <span class='ocrx_word' id='word_1_102' title='bbox 1594 1689 1626 1744; x_wconf 90' lang='lat' dir='ltr'>et</span> 
     </span>
     <span class='ocr_line' id='line_1_13' title="bbox 362 1764 1625 1855; baseline -0.002 -21"><span class='ocrx_word' id='word_1_103' title='bbox 362 1792 434 1835; x_wconf 90' lang='lat' dir='ltr'>curn</span> <span class='ocrx_word' id='word_1_104' title='bbox 458 1765 632 1855; x_wconf 85' lang='lat' dir='ltr'>perfectum</span> <span class='ocrx_word' id='word_1_105' title='bbox 656 1766 763 1848; x_wconf 83' lang='lat' dir='ltr'>fuerit,</span> <span class='ocrx_word' id='word_1_106' title='bbox 791 1766 872 1832; x_wconf 90' lang='lat' dir='ltr'>hanc</span> <span class='ocrx_word' id='word_1_107' title='bbox 895 1765 986 1833; x_wconf 92' lang='lat' dir='ltr'>vobis</span> <span class='ocrx_word' id='word_1_108' title='bbox 1010 1765 1159 1832; x_wconf 93' lang='lat' dir='ltr'>dominus</span> <span class='ocrx_word' id='word_1_109' title='bbox 1187 1767 1318 1853; x_wconf 84' lang='lat' dir='ltr'>gratiam</span> <span class='ocrx_word' id='word_1_110' title='bbox 1342 1766 1504 1852; x_wconf 89' lang='lat' dir='ltr'>largiatur,</span> <span class='ocrx_word' id='word_1_111' title='bbox 1528 1764 1625 1854; x_wconf 92' lang='lat' dir='ltr'>quod,</span> 
     </span>
     <span class='ocr_line' id='line_1_14' title="bbox 361 1852 1623 1942; baseline -0.004 -21"><span class='ocrx_word' id='word_1_112' title='bbox 361 1853 508 1942; x_wconf 89' lang='lat' dir='ltr'>quicquid</span> <span class='ocrx_word' id='word_1_113' title='bbox 538 1853 615 1920; x_wconf 91' lang='lat' dir='ltr'>boni</span> <span class='ocrx_word' id='word_1_114' title='bbox 638 1856 670 1920; x_wconf 93' lang='lat' dir='ltr'>in</span> <span class='ocrx_word' id='word_1_115' title='bbox 702 1853 782 1920; x_wconf 91' lang='lat' dir='ltr'>illius</span> <span class='ocrx_word' id='word_1_116' title='bbox 804 1853 969 1920; x_wconf 91' lang='lat' dir='ltr'>velaminis</span> <span class='ocrx_word' id='word_1_117' title='bbox 992 1852 1116 1940; x_wconf 88' lang='lat' dir='ltr'>fulgore</span> <span class='ocrx_word' id='word_1_118' title='bbox 1144 1864 1175 1920; x_wconf 90' lang='lat' dir='ltr'>et</span> <span class='ocrx_word' id='word_1_119' title='bbox 1203 1855 1307 1940; x_wconf 91' lang='lat' dir='ltr'>operis</span> <span class='ocrx_word' id='word_1_120' title='bbox 1330 1855 1479 1920; x_wconf 88' lang='lat' dir='ltr'>varietate</span> <span class='ocrx_word' id='word_1_121' title='bbox 1508 1853 1623 1939; x_wconf 90' lang='lat' dir='ltr'>signari</span> 
     </span>
     <span class='ocr_line' id='line_1_15' title="bbox 361 1939 1077 2030; baseline 0 -23"><span class='ocrx_word' id='word_1_122' title='bbox 361 1953 477 2030; x_wconf 91' lang='lat' dir='ltr'>potest,</span> <span class='ocrx_word' id='word_1_123' title='bbox 500 1943 613 2009; x_wconf 91' lang='lat' dir='ltr'>vestris</span> <span class='ocrx_word' id='word_1_124' title='bbox 636 1940 784 2008; x_wconf 86' lang='lat' dir='ltr'>clarescat</span> <span class='ocrx_word' id='word_1_125' title='bbox 807 1943 839 2006; x_wconf 90' lang='lat' dir='ltr'>in</span> <span class='ocrx_word' id='word_1_126' title='bbox 862 1939 981 2006; x_wconf 88' lang='lat' dir='ltr'>actibus</span> <span class='ocrx_word' id='word_1_127' title='bbox 1005 1993 1011 2006; x_wconf 94' lang='lat'><strong><em>.</em></strong></span> <span class='ocrx_word' id='word_1_128' title='bbox 1038 1994 1044 2007; x_wconf 93' lang='lat'>.</span> <span class='ocrx_word' id='word_1_129' title='bbox 1070 1993 1077 2007; x_wconf 94' lang='lat'><strong>.</strong></span> 
     </span>
    </p>
   </div>
   <div class='ocr_carea' id='block_1_4' title="bbox 361 2112 1622 2273">
    <p class='ocr_par' dir='ltr' id='par_1_4' title="bbox 361 2112 1622 2273">
     <span class='ocr_line' id='line_1_16' title="bbox 467 2112 1622 2185; baseline -0.004 -17"><span class='ocrx_word' id='word_1_130' title='bbox 467 2115 523 2169; x_wconf 85' lang='lat' dir='ltr'>Fol.</span> <span class='ocrx_word' id='word_1_131' title='bbox 543 2127 594 2185; x_wconf 79' lang='lat'>7&#39;·</span> <span class='ocrx_word' id='word_1_132' title='bbox 631 2113 874 2184; x_wconf 80' lang='lat' dir='ltr'>Aussalligerweise</span> <span class='ocrx_word' id='word_1_133' title='bbox 893 2115 964 2168; x_wconf 87' lang='lat' dir='ltr'>steht</span> <span class='ocrx_word' id='word_1_134' title='bbox 983 2114 1069 2166; x_wconf 87' lang='lat' dir='ltr'>dieser</span> <span class='ocrx_word' id='word_1_135' title='bbox 1089 2113 1163 2166; x_wconf 86' lang='lat' dir='ltr'>Brief</span> <span class='ocrx_word' id='word_1_136' title='bbox 1178 2115 1220 2166; x_wconf 92' lang='lat' dir='ltr'>bei</span> <span class='ocrx_word' id='word_1_137' title='bbox 1239 2113 1285 2166; x_wconf 88' lang='lat' dir='ltr'>der</span> <span class='ocrx_word' id='word_1_138' title='bbox 1303 2113 1460 2183; x_wconf 86' lang='lat' dir='ltr'>Sammlung</span> <span class='ocrx_word' id='word_1_139' title='bbox 1479 2129 1543 2166; x_wconf 83' lang='lat' dir='ltr'>vonr</span> <span class='ocrx_word' id='word_1_140' title='bbox 1558 2112 1622 2178; x_wconf 82' lang='lat' dir='ltr'>Mai-</span> 
     </span>
     <span class='ocr_line' id='line_1_17' title="bbox 361 2200 693 2273; baseline 0.003 -18"><span class='ocrx_word' id='word_1_141' title='bbox 361 2202 453 2256; x_wconf 78' lang='lat' dir='ltr'>rander</span> <span class='ocrx_word' id='word_1_142' title='bbox 471 2200 693 2273; x_wconf 82' lang='lat' dir='ltr'>Generallrapitel.</span> 
     </span>
    </p>
   </div>
   <div class='ocr_carea' id='block_1_5' title="bbox 354 2393 1627 3385">
    <p class='ocr_par' dir='ltr' id='par_1_5' title="bbox 966 2393 1016 2461">
     <span class='ocr_line' id='line_1_18' title="bbox 966 2393 1016 2461; baseline 0.02 -1"><span class='ocrx_word' id='word_1_143' title='bbox 966 2393 1016 2461; x_wconf 80' lang='lat'>25.</span> 
     </span>
    </p>

    <p class='ocr_par' dir='ltr' id='par_1_6' title="bbox 354 2513 1627 3040">
     <span class='ocr_line' id='line_1_19' title="bbox 467 2513 1624 2671; baseline -0.004 -86"><span class='ocrx_word' id='word_1_144' title='bbox 467 2516 674 2609; x_wconf 70' lang='lat' dir='ltr'>(Prouinp&#39;al)</span> <span class='ocrx_word' id='word_1_145' title='bbox 698 2514 869 2671; x_wconf 54' lang='lat' dir='ltr'>Efflatur?</span> <span class='ocrx_word' id='word_1_146' title='bbox 901 2515 1051 2606; x_wconf 77' lang='lat' dir='ltr'>erupfielrlt</span> <span class='ocrx_word' id='word_1_147' title='bbox 1081 2517 1146 2582; x_wconf 84' lang='lat' dir='ltr'>deur</span> <span class='ocrx_word' id='word_1_148' title='bbox 1172 2515 1327 2584; x_wconf 85' lang='lat' dir='ltr'>Kardiunl</span> <span class='ocrx_word' id='word_1_149' title='bbox 1351 2513 1540 2606; x_wconf 63' lang='lat' dir='ltr'>Humum)</span> <span class='ocrx_word' id='word_1_150' title='bbox 1569 2517 1624 2582; x_wconf 85' lang='lat' dir='ltr'>den</span> 
     </span>
     <span class='ocr_line' id='line_1_20' title="bbox 362 2603 1626 2693; baseline -0.008 -19"><span class='ocrx_word' id='word_1_151' title='bbox 362 2605 484 2674; x_wconf 83' lang='lat' dir='ltr'>Elekten</span> <span class='ocrx_word' id='word_1_152' title='bbox 506 2630 565 2674; x_wconf 86' lang='lat' dir='ltr'>von</span> <span class='ocrx_word' id='word_1_153' title='bbox 593 2605 770 2693; x_wconf 62' lang='lat' dir='ltr'>Wrirpburg</span> <span class='ocrx_word' id='word_1_154' title='bbox 792 2629 833 2671; x_wconf 87' lang='lat' dir='ltr'>un</span> <span class='ocrx_word' id='word_1_155' title='bbox 876 2607 956 2671; x_wconf 81' lang='lat' dir='ltr'>scine</span> <span class='ocrx_word' id='word_1_156' title='bbox 978 2605 1138 2692; x_wconf 81' lang='lat' dir='ltr'>Auliegeu,</span> <span class='ocrx_word' id='word_1_157' title='bbox 1163 2603 1217 2670; x_wconf 82' lang='lat' dir='ltr'>snb</span> <span class='ocrx_word' id='word_1_158' title='bbox 1241 2606 1326 2670; x_wconf 84' lang='lat' dir='ltr'>ru&#39;us</span> <span class='ocrx_word' id='word_1_159' title='bbox 1350 2605 1409 2670; x_wconf 84' lang='lat' dir='ltr'>alis</span> <span class='ocrx_word' id='word_1_160' title='bbox 1435 2616 1533 2670; x_wconf 88' lang='lat' dir='ltr'>noster</span> <span class='ocrx_word' id='word_1_161' title='bbox 1555 2604 1626 2671; x_wconf 85' lang='lat' dir='ltr'>ordo</span> 
     </span>
     <span class='ocr_line' id='line_1_21' title="bbox 360 2629 1624 2783; baseline -0.004 -23"><span class='ocrx_word' id='word_1_162' title='bbox 360 2694 530 2774; x_wconf 86' lang='lat' dir='ltr'>roboratur,</span> <span class='ocrx_word' id='word_1_163' title='bbox 549 2696 729 2783; x_wconf 77' lang='lat' dir='ltr'>protegitur,</span> <span class='ocrx_word' id='word_1_164' title='bbox 746 2694 891 2781; x_wconf 74' lang='lat' dir='ltr'>sovetrrr¹,·</span> <span class='ocrx_word' id='word_1_165' title='bbox 914 2693 1016 2777; x_wconf 83' lang='lat' dir='ltr'>eberrso</span> <span class='ocrx_word' id='word_1_166' title='bbox 1031 2695 1109 2779; x_wconf 60' lang='lat' dir='ltr'>ranei</span> <span class='ocrx_word' id='word_1_167' title='bbox 1122 2693 1234 2759; x_wconf 87' lang='lat' dir='ltr'>andere</span> <span class='ocrx_word' id='word_1_168' title='bbox 1255 2629 1464 2779; x_wconf 64' lang='lat' dir='ltr'>[ingenunata</span> <span class='ocrx_word' id='word_1_169' title='bbox 1484 2714 1541 2757; x_wconf 87' lang='lat' dir='ltr'>nou</span> <span class='ocrx_word' id='word_1_170' title='bbox 1558 2715 1624 2756; x_wconf 87' lang='lat' dir='ltr'>cum</span> 
     </span>
     <span class='ocr_line' id='line_1_22' title="bbox 361 2779 1627 2868; baseline -0.005 -20"><span class='ocrx_word' id='word_1_171' title='bbox 361 2784 464 2848; x_wconf 81' lang='lat' dir='ltr'>ceteris</span> <span class='ocrx_word' id='word_1_172' title='bbox 490 2794 534 2846; x_wconf 88' lang='lat' dir='ltr'>set</span> <span class='ocrx_word' id='word_1_173' title='bbox 557 2795 612 2868; x_wconf 87' lang='lat' dir='ltr'>pre</span> <span class='ocrx_word' id='word_1_174' title='bbox 641 2783 745 2847; x_wconf 82' lang='lat' dir='ltr'>eeteu&#39;s</span> <span class='ocrx_word' id='word_1_175' title='bbox 774 2782 880 2846; x_wconf 84' lang='lat' dir='ltr'>urrticr&#39;s</span> <span class='ocrx_word' id='word_1_176' title='bbox 908 2781 1021 2846; x_wconf 80' lang='lat' dir='ltr'>ordinis</span> <span class='ocrx_word' id='word_1_177' title='bbox 1043 2779 1296 2866; x_wconf 85' lang='lat' dir='ltr'>prornoueuduur,</span> <span class='ocrx_word' id='word_1_178' title='bbox 1329 2781 1462 2844; x_wconf 81' lang='lat' dir='ltr'>rrrnxirue</span> <span class='ocrx_word' id='word_1_179' title='bbox 1494 2801 1562 2843; x_wconf 87' lang='lat' dir='ltr'>curu</span> <span class='ocrx_word' id='word_1_180' title='bbox 1590 2801 1627 2843; x_wconf 85' lang='lat' dir='ltr'>ex</span> 
     </span>
     <span class='ocr_line' id='line_1_23' title="bbox 356 2864 1625 2953; baseline -0.002 -22"><span class='ocrx_word' id='word_1_181' title='bbox 356 2870 544 2953; x_wconf 84' lang='lat' dir='ltr'>proruocr&#39;oue</span> <span class='ocrx_word' id='word_1_182' title='bbox 567 2869 681 2952; x_wconf 83' lang='lat' dir='ltr'>ipsius.</span> <span class='ocrx_word' id='word_1_183' title='bbox 701 2916 707 2930; x_wconf 93' lang='lat'>.</span> <span class='ocrx_word' id='word_1_184' title='bbox 727 2916 733 2929; x_wconf 93' lang='lat'><strong>.</strong></span> <span class='ocrx_word' id='word_1_185' title='bbox 751 2869 859 2930; x_wconf 82' lang='lat' dir='ltr'>nostris</span> <span class='ocrx_word' id='word_1_186' title='bbox 879 2865 934 2929; x_wconf 84' lang='lat' dir='ltr'>sub</span> <span class='ocrx_word' id='word_1_187' title='bbox 958 2869 1018 2951; x_wconf 84' lang='lat' dir='ltr'>ipso</span> <span class='ocrx_word' id='word_1_188' title='bbox 1041 2865 1213 2950; x_wconf 80' lang='lat' dir='ltr'>degentibus</span> <span class='ocrx_word' id='word_1_189' title='bbox 1229 2867 1389 2950; x_wconf 85' lang='lat' dir='ltr'>proueniat</span> <span class='ocrx_word' id='word_1_190' title='bbox 1406 2864 1625 2950; x_wconf 79' lang='lat' dir='ltr'>tranquillitas,</span> 
     </span>
     <span class='ocr_line' id='line_1_24' title="bbox 354 2947 938 3040; baseline -0.005 -22"><span class='ocrx_word' id='word_1_191' title='bbox 354 2964 422 3040; x_wconf 82' lang='lat' dir='ltr'>pax</span> <span class='ocrx_word' id='word_1_192' title='bbox 444 2964 471 3017; x_wconf 89' lang='lat' dir='ltr'>et</span> <span class='ocrx_word' id='word_1_193' title='bbox 494 2953 622 3030; x_wconf 78' lang='lat' dir='ltr'>fructus.</span> <span class='ocrx_word' id='word_1_194' title='bbox 669 2947 771 3039; x_wconf 82' lang='lat'><em>(1266</em></span> <span class='ocrx_word' id='word_1_195' title='bbox 781 2949 938 3038; x_wconf 77' lang='lat'><em>-1270?)</em></span> 
     </span>
    </p>

    <p class='ocr_par' dir='ltr' id='par_1_7' title="bbox 361 3126 1627 3385">
     <span class='ocr_line' id='line_1_25' title="bbox 467 3126 1627 3213; baseline -0.002 -19"><span class='ocrx_word' id='word_1_196' title='bbox 467 3141 523 3195; x_wconf 90' lang='lat' dir='ltr'>Fol.</span> <span class='ocrx_word' id='word_1_197' title='bbox 545 3157 584 3213; x_wconf 83' lang='lat'>39.</span> <span class='ocrx_word' id='word_1_198' title='bbox 621 3141 656 3194; x_wconf 90' lang='lat' dir='ltr'>Es</span> <span class='ocrx_word' id='word_1_199' title='bbox 681 3141 751 3194; x_wconf 87' lang='lat' dir='ltr'>kann</span> <span class='ocrx_word' id='word_1_200' title='bbox 774 3141 830 3194; x_wconf 87' lang='lat' dir='ltr'>sich</span> <span class='ocrx_word' id='word_1_201' title='bbox 856 3141 913 3193; x_wconf 91' lang='lat' dir='ltr'>hier</span> <span class='ocrx_word' id='word_1_202' title='bbox 937 3159 985 3193; x_wconf 90' lang='lat' dir='ltr'>nur</span> <span class='ocrx_word' id='word_1_203' title='bbox 1008 3158 1053 3193; x_wconf 90' lang='lat' dir='ltr'>um</span> <span class='ocrx_word' id='word_1_204' title='bbox 1077 3126 1156 3194; x_wconf 80' lang='lat' dir='ltr'>einen</span> <span class='ocrx_word' id='word_1_205' title='bbox 1181 3139 1346 3192; x_wconf 88' lang='lat' dir='ltr'>Kandiduten</span> <span class='ocrx_word' id='word_1_206' title='bbox 1374 3139 1442 3192; x_wconf 85' lang='lat' dir='ltr'>uach</span> <span class='ocrx_word' id='word_1_207' title='bbox 1466 3138 1528 3192; x_wconf 90' lang='lat' dir='ltr'>dem</span> <span class='ocrx_word' id='word_1_208' title='bbox 1549 3139 1627 3192; x_wconf 87' lang='lat' dir='ltr'>Tode</span> 
     </span>
     <span class='ocr_line' id='line_1_26' title="bbox 361 3226 1627 3302; baseline -0.002 -20"><span class='ocrx_word' id='word_1_209' title='bbox 361 3229 458 3302; x_wconf 88' lang='lat' dir='ltr'>Jring&#39;s</span> <span class='ocrx_word' id='word_1_210' title='bbox 477 3245 531 3282; x_wconf 93' lang='lat' dir='ltr'>von</span> <span class='ocrx_word' id='word_1_211' title='bbox 544 3228 588 3282; x_wconf 89' lang='lat' dir='ltr'>W.</span> <span class='ocrx_word' id='word_1_212' title='bbox 602 3226 696 3297; x_wconf 87' lang='lat'>(1266)</span> <span class='ocrx_word' id='word_1_213' title='bbox 709 3227 832 3282; x_wconf 85' lang='lat' dir='ltr'>handeln.</span> <span class='ocrx_word' id='word_1_214' title='bbox 862 3227 923 3298; x_wconf 87' lang='lat' dir='ltr'>Vgl.</span> <span class='ocrx_word' id='word_1_215' title='bbox 937 3227 1156 3294; x_wconf 82' lang='lat' dir='ltr'>Kallenbrunner,</span> <span class='ocrx_word' id='word_1_216' title='bbox 1176 3227 1243 3281; x_wconf 87' lang='lat' dir='ltr'>Mitt.</span> <span class='ocrx_word' id='word_1_217' title='bbox 1263 3243 1309 3280; x_wconf 87' lang='lat' dir='ltr'>aus</span> <span class='ocrx_word' id='word_1_218' title='bbox 1329 3226 1389 3280; x_wconf 89' lang='lat' dir='ltr'>dem</span> <span class='ocrx_word' id='word_1_219' title='bbox 1405 3227 1490 3281; x_wconf 85' lang='lat' dir='ltr'>Vatik.</span> <span class='ocrx_word' id='word_1_220' title='bbox 1504 3226 1603 3280; x_wconf 75' lang='lat' dir='ltr'>Archiv</span> <span class='ocrx_word' id='word_1_221' title='bbox 1618 3228 1627 3279; x_wconf 89' lang='lat'><em>1</em></span> 
     </span>
     <span class='ocr_line' id='line_1_27' title="bbox 361 3315 788 3385; baseline -0.005 -15"><span class='ocrx_word' id='word_1_222' title='bbox 361 3317 409 3372; x_wconf 88' lang='lat' dir='ltr'>Nr.</span> <span class='ocrx_word' id='word_1_223' title='bbox 431 3316 462 3385; x_wconf 82' lang='lat'>56</span> <span class='ocrx_word' id='word_1_224' title='bbox 481 3315 517 3383; x_wconf 79' lang='lat' dir='ltr'>ff,</span> <span class='ocrx_word' id='word_1_225' title='bbox 536 3316 682 3370; x_wconf 88' lang='lat' dir='ltr'>besonders</span> <span class='ocrx_word' id='word_1_226' title='bbox 701 3315 726 3369; x_wconf 91' lang='lat' dir='ltr'>S.</span> <span class='ocrx_word' id='word_1_227' title='bbox 747 3331 788 3385; x_wconf 86' lang='lat'>7⁰·</span> 
     </span>
    </p>
   </div>
   <div class='ocr_carea' id='block_1_6' title="bbox 969 3488 1019 3559">
    <p class='ocr_par' dir='ltr' id='par_1_8' title="bbox 969 3488 1019 3559">
     <span class='ocr_line' id='line_1_28' title="bbox 969 3488 1019 3559; baseline 0.06 -4"><span class='ocrx_word' id='word_1_228' title='bbox 969 3488 1019 3559; x_wconf 75' lang='lat'>26.</span> 
     </span>
    </p>
   </div>
   <div class='ocr_carea' id='block_1_7' title="bbox 362 3611 1626 3875">
    <p class='ocr_par' dir='ltr' id='par_1_9' title="bbox 362 3611 1626 3875">
     <span class='ocr_line' id='line_1_29' title="bbox 467 3611 1626 3678; baseline -0.002 0"><span class='ocrx_word' id='word_1_229' title='bbox 467 3613 535 3678; x_wconf 92' lang='lat' dir='ltr'>Der</span> <span class='ocrx_word' id='word_1_230' title='bbox 550 3611 771 3678; x_wconf 84' lang='lat' dir='ltr'>Douriuilraner</span> <span class='ocrx_word' id='word_1_231' title='bbox 787 3612 949 3677; x_wconf 83' lang='lat' dir='ltr'>Hermann</span> <span class='ocrx_word' id='word_1_232' title='bbox 972 3634 1030 3676; x_wconf 71' lang='lat' dir='ltr'>arou</span> <span class='ocrx_word' id='word_1_233' title='bbox 1047 3611 1174 3676; x_wconf 87' lang='lat' dir='ltr'>Mindeu</span> <span class='ocrx_word' id='word_1_234' title='bbox 1197 3611 1325 3677; x_wconf 81' lang='lat' dir='ltr'>schreibt</span> <span class='ocrx_word' id='word_1_235' title='bbox 1348 3633 1388 3676; x_wconf 88' lang='lat' dir='ltr'>an</span> <span class='ocrx_word' id='word_1_236' title='bbox 1412 3612 1468 3676; x_wconf 87' lang='lat' dir='ltr'>den</span> <span class='ocrx_word' id='word_1_237' title='bbox 1485 3612 1626 3677; x_wconf 79' lang='lat' dir='ltr'>Domini-</span> 
     </span>
     <span class='ocr_line' id='line_1_30' title="bbox 362 3695 1626 3786; baseline -0.002 -21"><span class='ocrx_word' id='word_1_238' title='bbox 362 3699 539 3786; x_wconf 83' lang='lat' dir='ltr'>lrauerprior</span> <span class='ocrx_word' id='word_1_239' title='bbox 561 3699 680 3781; x_wconf 83' lang='lat' dir='ltr'>Johouu</span> <span class='ocrx_word' id='word_1_240' title='bbox 703 3721 763 3764; x_wconf 88' lang='lat' dir='ltr'>von</span> <span class='ocrx_word' id='word_1_241' title='bbox 785 3697 912 3763; x_wconf 86' lang='lat' dir='ltr'>Miuden</span> <span class='ocrx_word' id='word_1_242' title='bbox 936 3698 1009 3764; x_wconf 81' lang='lat' dir='ltr'>uber</span> <span class='ocrx_word' id='word_1_243' title='bbox 1031 3697 1078 3764; x_wconf 83' lang='lat' dir='ltr'>die</span> <span class='ocrx_word' id='word_1_244' title='bbox 1106 3697 1202 3764; x_wconf 82' lang='lat' dir='ltr'>Watl</span> <span class='ocrx_word' id='word_1_245' title='bbox 1225 3697 1275 3764; x_wconf 88' lang='lat' dir='ltr'>des</span> <span class='ocrx_word' id='word_1_246' title='bbox 1298 3695 1535 3764; x_wconf 82' lang='lat' dir='ltr'>Dorru&#39;uikaners</span> <span class='ocrx_word' id='word_1_247' title='bbox 1554 3695 1626 3764; x_wconf 85' lang='lat' dir='ltr'>Ouo</span> 
     </span>
     <span class='ocr_line' id='line_1_31' title="bbox 362 3783 1306 3875; baseline -0.002 -23"><span class='ocrx_word' id='word_1_248' title='bbox 362 3809 432 3872; x_wconf 67' lang='lat' dir='ltr'>zum</span> <span class='ocrx_word' id='word_1_249' title='bbox 456 3786 583 3875; x_wconf 85' lang='lat' dir='ltr'>Bisclrof</span> <span class='ocrx_word' id='word_1_250' title='bbox 601 3809 660 3852; x_wconf 89' lang='lat' dir='ltr'>von</span> <span class='ocrx_word' id='word_1_251' title='bbox 684 3786 820 3851; x_wconf 83' lang='lat' dir='ltr'>Miudeu.</span> <span class='ocrx_word' id='word_1_252' title='bbox 869 3783 969 3874; x_wconf 80' lang='lat'><em>(1267</em></span> <span class='ocrx_word' id='word_1_253' title='bbox 994 3785 1071 3851; x_wconf 78' lang='lat' dir='ltr'>arach</span> <span class='ocrx_word' id='word_1_254' title='bbox 1095 3786 1215 3872; x_wconf 81' lang='lat' dir='ltr'>August</span> <span class='ocrx_word' id='word_1_255' title='bbox 1241 3784 1306 3875; x_wconf 73' lang='lat'><em>18.)</em></span> 
     </span>
    </p>
   </div>
   <div class='ocr_carea' id='block_1_8' title="bbox 362 3888 1628 4514">
    <p class='ocr_par' dir='ltr' id='par_1_10' title="bbox 362 3888 1628 4514">
     <span class='ocr_line' id='line_1_32' title="bbox 468 3888 1627 3977; baseline -0.002 -21"><span class='ocrx_word' id='word_1_256' title='bbox 468 3890 571 3956; x_wconf 93' lang='lat' dir='ltr'>Omni</span> <span class='ocrx_word' id='word_1_257' title='bbox 594 3891 769 3958; x_wconf 89' lang='lat' dir='ltr'>reverentia</span> <span class='ocrx_word' id='word_1_258' title='bbox 785 3889 884 3976; x_wconf 90' lang='lat' dir='ltr'>digno</span> <span class='ocrx_word' id='word_1_259' title='bbox 909 3901 940 3957; x_wconf 89' lang='lat' dir='ltr'>et</span> <span class='ocrx_word' id='word_1_260' title='bbox 956 3891 1081 3977; x_wconf 88' lang='lat' dir='ltr'>integro</span> <span class='ocrx_word' id='word_1_261' title='bbox 1105 3913 1215 3956; x_wconf 90' lang='lat' dir='ltr'>amore</span> <span class='ocrx_word' id='word_1_262' title='bbox 1233 3889 1419 3976; x_wconf 91' lang='lat' dir='ltr'>dignissimo</span> <span class='ocrx_word' id='word_1_263' title='bbox 1443 3890 1522 3977; x_wconf 91' lang='lat' dir='ltr'>patri</span> <span class='ocrx_word' id='word_1_264' title='bbox 1542 3888 1627 3955; x_wconf 84' lang='lat' dir='ltr'>fratri</span> 
     </span>
     <span class='ocr_line' id='line_1_33' title="bbox 362 3975 1626 4066; baseline -0.002 -21"><span class='ocrx_word' id='word_1_265' title='bbox 362 3976 536 4066; x_wconf 90' lang='lat' dir='ltr'>Jo(hanni)</span> <span class='ocrx_word' id='word_1_266' title='bbox 554 3979 650 4065; x_wconf 93' lang='lat' dir='ltr'>priori</span> <span class='ocrx_word' id='word_1_267' title='bbox 674 3978 789 4044; x_wconf 90' lang='lat' dir='ltr'>domus</span> <span class='ocrx_word' id='word_1_268' title='bbox 806 3977 983 4044; x_wconf 87' lang='lat' dir='ltr'>Mindensis</span> <span class='ocrx_word' id='word_1_269' title='bbox 1005 3977 1099 4044; x_wconf 85' lang='lat' dir='ltr'>frater</span> <span class='ocrx_word' id='word_1_270' title='bbox 1115 3977 1318 4044; x_wconf 89' lang='lat' dir='ltr'>Hermannus</span> <span class='ocrx_word' id='word_1_271' title='bbox 1341 3975 1441 4044; x_wconf 84' lang='lat' dir='ltr'>dictus</span> <span class='ocrx_word' id='word_1_272' title='bbox 1463 3976 1502 4044; x_wconf 92' lang='lat' dir='ltr'>de</span> <span class='ocrx_word' id='word_1_273' title='bbox 1518 3975 1626 4042; x_wconf 87' lang='lat' dir='ltr'>Minda</span> 
     </span>
     <span class='ocr_line' id='line_1_34' title="bbox 363 4063 1626 4168; baseline -0.003 -36"><span class='ocrx_word' id='word_1_274' title='bbox 363 4087 489 4168; x_wconf 87' lang='lat' dir='ltr'>semper</span> <span class='ocrx_word' id='word_1_275' title='bbox 511 4067 544 4131; x_wconf 94' lang='lat' dir='ltr'>in</span> <span class='ocrx_word' id='word_1_276' title='bbox 560 4063 694 4131; x_wconf 91' lang='lat' dir='ltr'>domino</span> <span class='ocrx_word' id='word_1_277' title='bbox 711 4064 882 4151; x_wconf 87' lang='lat' dir='ltr'>jocundari.</span> <span class='ocrx_word' id='word_1_278' title='bbox 921 4063 1035 4131; x_wconf 90' lang='lat' dir='ltr'>Debita</span> <span class='ocrx_word' id='word_1_279' title='bbox 1055 4066 1170 4131; x_wconf 91' lang='lat' dir='ltr'>mentis</span> <span class='ocrx_word' id='word_1_280' title='bbox 1193 4065 1352 4131; x_wconf 61' lang='lat' dir='ltr'>alacritate*</span> <span class='ocrx_word' id='word_1_281' title='bbox 1367 4063 1472 4130; x_wconf 87' lang='lat' dir='ltr'>divine</span> <span class='ocrx_word' id='word_1_282' title='bbox 1494 4063 1626 4130; x_wconf 87' lang='lat' dir='ltr'>bonitati</span> 
     </span>
     <span class='ocr_line' id='line_1_35' title="bbox 363 4150 1627 4240; baseline -0.002 -22"><span class='ocrx_word' id='word_1_283' title='bbox 363 4164 476 4239; x_wconf 78' lang='lat' dir='ltr'>gratias</span> <span class='ocrx_word' id='word_1_284' title='bbox 506 4151 679 4219; x_wconf 89' lang='lat' dir='ltr'>uberrimas</span> <span class='ocrx_word' id='word_1_285' title='bbox 711 4151 831 4233; x_wconf 89' lang='lat' dir='ltr'>refero,</span> <span class='ocrx_word' id='word_1_286' title='bbox 865 4154 938 4240; x_wconf 86' lang='lat' dir='ltr'>quil</span> <span class='ocrx_word' id='word_1_287' title='bbox 966 4152 1170 4218; x_wconf 91' lang='lat' dir='ltr'>Mindensem</span> <span class='ocrx_word' id='word_1_288' title='bbox 1198 4150 1361 4218; x_wconf 90' lang='lat' dir='ltr'>ecclesiam</span> <span class='ocrx_word' id='word_1_289' title='bbox 1396 4151 1546 4218; x_wconf 87' lang='lat' dir='ltr'>hactenus</span> <span class='ocrx_word' id='word_1_290' title='bbox 1575 4150 1627 4216; x_wconf 90' lang='lat' dir='ltr'>ad-</span> 
     </span>
     <span class='ocr_line' id='line_1_36' title="bbox 363 4237 1626 4326; baseline -0.001 -21"><span class='ocrx_word' id='word_1_291' title='bbox 363 4240 517 4307; x_wconf 90' lang='lat' dir='ltr'>versitatis</span> <span class='ocrx_word' id='word_1_292' title='bbox 546 4238 720 4306; x_wconf 90' lang='lat' dir='ltr'>turbinibus</span> <span class='ocrx_word' id='word_1_293' title='bbox 744 4241 892 4326; x_wconf 88' lang='lat' dir='ltr'>agitatam</span> <span class='ocrx_word' id='word_1_294' title='bbox 918 4241 1044 4326; x_wconf 82' lang='lat' dir='ltr'>jamjam</span> <span class='ocrx_word' id='word_1_295' title='bbox 1071 4239 1200 4325; x_wconf 90' lang='lat' dir='ltr'>gratiosi</span> <span class='ocrx_word' id='word_1_296' title='bbox 1232 4251 1341 4326; x_wconf 91' lang='lat' dir='ltr'>pactus</span> <span class='ocrx_word' id='word_1_297' title='bbox 1365 4237 1481 4304; x_wconf 91' lang='lat' dir='ltr'>indicio</span> <span class='ocrx_word' id='word_1_298' title='bbox 1511 4259 1626 4304; x_wconf 90' lang='lat' dir='ltr'>conso-</span> 
     </span>
     <span class='ocr_line' id='line_1_37' title="bbox 362 4324 1625 4415; baseline -0.002 -22"><span class='ocrx_word' id='word_1_299' title='bbox 362 4326 456 4408; x_wconf 91' lang='lat' dir='ltr'>latur,</span> <span class='ocrx_word' id='word_1_300' title='bbox 485 4327 538 4415; x_wconf 91' lang='lat' dir='ltr'>qui</span> <span class='ocrx_word' id='word_1_301' title='bbox 563 4325 720 4393; x_wconf 90' lang='lat' dir='ltr'>dilationis</span> <span class='ocrx_word' id='word_1_302' title='bbox 743 4327 899 4412; x_wconf 81' lang='lat' dir='ltr'>injuriam,</span> <span class='ocrx_word' id='word_1_303' title='bbox 923 4349 1017 4414; x_wconf 91' lang='lat' dir='ltr'>quam</span> <span class='ocrx_word' id='word_1_304' title='bbox 1042 4324 1081 4392; x_wconf 94' lang='lat' dir='ltr'>de</span> <span class='ocrx_word' id='word_1_305' title='bbox 1103 4324 1197 4393; x_wconf 88' lang='lat' dir='ltr'>futuri</span> <span class='ocrx_word' id='word_1_306' title='bbox 1220 4325 1365 4392; x_wconf 87' lang='lat' dir='ltr'>antistitis</span> <span class='ocrx_word' id='word_1_307' title='bbox 1390 4325 1625 4412; x_wconf 87' lang='lat' dir='ltr'>exspectatione</span> 
     </span>
     <span class='ocr_line' id='line_1_38' title="bbox 362 4411 1628 4514; baseline -0.002 -34"><span class='ocrx_word' id='word_1_308' title='bbox 362 4415 518 4496; x_wconf 90' lang='lat' dir='ltr'>sustinuit,</span> <span class='ocrx_word' id='word_1_309' title='bbox 543 4432 607 4480; x_wconf 84' lang='lat' dir='ltr'>tarn</span> <span class='ocrx_word' id='word_1_310' title='bbox 624 4412 759 4499; x_wconf 80' lang='lat' dir='ltr'>jocunda</span> <span class='ocrx_word' id='word_1_311' title='bbox 781 4411 870 4514; x_wconf 75' lang='lat' dir='ltr'>fruge</span> <span class='ocrx_word' id='word_1_312' title='bbox 887 4424 1079 4500; x_wconf 90' lang='lat' dir='ltr'>compescat,</span> <span class='ocrx_word' id='word_1_313' title='bbox 1102 4425 1137 4479; x_wconf 91' lang='lat' dir='ltr'>ut</span> <span class='ocrx_word' id='word_1_314' title='bbox 1152 4411 1250 4494; x_wconf 92' lang='lat' dir='ltr'>bono,</span> <span class='ocrx_word' id='word_1_315' title='bbox 1274 4413 1328 4501; x_wconf 93' lang='lat' dir='ltr'>qui</span> <span class='ocrx_word' id='word_1_316' title='bbox 1343 4411 1533 4499; x_wconf 87' lang='lat' dir='ltr'>sperabatur,</span> <span class='ocrx_word' id='word_1_317' title='bbox 1557 4411 1628 4477; x_wconf 91' lang='lat' dir='ltr'>sub-</span> 
     </span>
    </p>
   </div>
   <div class='ocr_carea' id='block_1_9' title="bbox 364 4499 1627 4651">
    <p class='ocr_par' dir='ltr' id='par_1_11' title="bbox 364 4499 1627 4651">
     <span class='ocr_line' id='line_1_39' title="bbox 364 4499 1627 4651; baseline -0.002 -84"><span class='ocrx_word' id='word_1_318' title='bbox 364 4500 460 4568; x_wconf 88' lang='lat' dir='ltr'>ducto</span> <span class='ocrx_word' id='word_1_319' title='bbox 470 4499 613 4568; x_wconf 89' lang='lat' dir='ltr'>exhibeat</span> <span class='ocrx_word' id='word_1_320' title='bbox 625 4499 802 4582; x_wconf 91' lang='lat' dir='ltr'>meliorem,</span> <span class='ocrx_word' id='word_1_321' title='bbox 817 4523 868 4651; x_wconf 55' lang='lat' dir='ltr'>lm</span> <span class='ocrx_word' id='word_1_322' title='bbox 879 4519 1015 4569; x_wconf 90' lang='lat' dir='ltr'>vestram</span> <span class='ocrx_word' id='word_1_323' title='bbox 1026 4501 1226 4601; x_wconf 76' lang='lat' dir='ltr'>sententiam,</span> <span class='ocrx_word' id='word_1_324' title='bbox 1238 4522 1299 4588; x_wconf 91' lang='lat' dir='ltr'>qua</span> <span class='ocrx_word' id='word_1_325' title='bbox 1310 4501 1433 4568; x_wconf 90' lang='lat' dir='ltr'>tociens</span> <span class='ocrx_word' id='word_1_326' title='bbox 1445 4499 1627 4600; x_wconf 79' lang='lat' dir='ltr'>replicastis,</span> 
     </span>
    </p>
   </div>
   <div class='ocr_carea' id='block_1_10' title="bbox 362 4585 1629 4935">
    <p class='ocr_par' dir='ltr' id='par_1_12' title="bbox 362 4585 1629 4935">
     <span class='ocr_line' id='line_1_40' title="bbox 363 4585 1627 4675; baseline -0.003 -21"><span class='ocrx_word' id='word_1_327' title='bbox 363 4610 431 4654; x_wconf 92' lang='lat' dir='ltr'>non</span> <span class='ocrx_word' id='word_1_328' title='bbox 454 4610 549 4675; x_wconf 90' lang='lat' dir='ltr'>posse</span> <span class='ocrx_word' id='word_1_329' title='bbox 572 4587 654 4655; x_wconf 90' lang='lat' dir='ltr'>dicte</span> <span class='ocrx_word' id='word_1_330' title='bbox 678 4586 809 4654; x_wconf 91' lang='lat' dir='ltr'>ecclesie</span> <span class='ocrx_word' id='word_1_331' title='bbox 844 4589 931 4674; x_wconf 89' lang='lat' dir='ltr'>apsui</span> <span class='ocrx_word' id='word_1_332' title='bbox 954 4586 1126 4666; x_wconf 85' lang='lat' dir='ltr'>subveniri,</span> <span class='ocrx_word' id='word_1_333' title='bbox 1155 4609 1215 4652; x_wconf 84' lang='lat' dir='ltr'>nrsr</span> <span class='ocrx_word' id='word_1_334' title='bbox 1238 4609 1294 4673; x_wconf 92' lang='lat' dir='ltr'>per</span> <span class='ocrx_word' id='word_1_335' title='bbox 1316 4585 1500 4672; x_wconf 91' lang='lat' dir='ltr'>religiosum</span> <span class='ocrx_word' id='word_1_336' title='bbox 1524 4607 1627 4652; x_wconf 88' lang='lat' dir='ltr'>vnum</span> 
     </span>
     <span class='ocr_line' id='line_1_41' title="bbox 364 4671 1629 4761; baseline -0.003 -21"><span class='ocrx_word' id='word_1_337' title='bbox 364 4685 396 4740; x_wconf 91' lang='lat' dir='ltr'>et</span> <span class='ocrx_word' id='word_1_338' title='bbox 418 4673 612 4756; x_wconf 87' lang='lat' dir='ltr'>modestum,</span> <span class='ocrx_word' id='word_1_339' title='bbox 637 4673 776 4740; x_wconf 87' lang='lat' dir='ltr'>ostendit</span> <span class='ocrx_word' id='word_1_340' title='bbox 810 4671 841 4761; x_wconf 90' lang='lat'>?)</span> <span class='ocrx_word' id='word_1_341' title='bbox 861 4697 917 4740; x_wconf 90' lang='lat' dir='ltr'>sue</span> <span class='ocrx_word' id='word_1_342' title='bbox 939 4675 1059 4760; x_wconf 86' lang='lat' dir='ltr'>justicie</span> <span class='ocrx_word' id='word_1_343' title='bbox 1083 4674 1264 4740; x_wconf 88' lang='lat' dir='ltr'>convenire.</span> <span class='ocrx_word' id='word_1_344' title='bbox 1299 4673 1380 4739; x_wconf 86' lang='lat' dir='ltr'>Ecce</span> <span class='ocrx_word' id='word_1_345' title='bbox 1397 4674 1484 4738; x_wconf 90' lang='lat' dir='ltr'>enim</span> <span class='ocrx_word' id='word_1_346' title='bbox 1500 4694 1629 4738; x_wconf 89' lang='lat' dir='ltr'>venera-</span> 
     </span>
     <span class='ocr_line' id='line_1_42' title="bbox 364 4757 1628 4848; baseline -0.002 -22"><span class='ocrx_word' id='word_1_347' title='bbox 364 4760 432 4827; x_wconf 93' lang='lat' dir='ltr'>bilis</span> <span class='ocrx_word' id='word_1_348' title='bbox 462 4779 549 4848; x_wconf 88' lang='lat' dir='ltr'>pater</span> <span class='ocrx_word' id='word_1_349' title='bbox 580 4760 730 4828; x_wconf 92' lang='lat' dir='ltr'>dominus</span> <span class='ocrx_word' id='word_1_350' title='bbox 759 4759 879 4848; x_wconf 91' lang='lat' dir='ltr'>Otto)</span> <span class='ocrx_word' id='word_1_351' title='bbox 910 4760 1085 4826; x_wconf 91' lang='lat' dir='ltr'>Mindensis</span> <span class='ocrx_word' id='word_1_352' title='bbox 1118 4761 1301 4847; x_wconf 92' lang='lat' dir='ltr'>episcopus,</span> <span class='ocrx_word' id='word_1_353' title='bbox 1334 4758 1374 4825; x_wconf 92' lang='lat' dir='ltr'>de</span> <span class='ocrx_word' id='word_1_354' title='bbox 1406 4782 1471 4847; x_wconf 94' lang='lat' dir='ltr'>quo</span> <span class='ocrx_word' id='word_1_355' title='bbox 1503 4757 1628 4846; x_wconf 93' lang='lat' dir='ltr'>loquor,</span> 
     </span>
     <span class='ocr_line' id='line_1_43' title="bbox 362 4844 1626 4935; baseline -0.002 -23"><span class='ocrx_word' id='word_1_356' title='bbox 362 4847 503 4934; x_wconf 85' lang='lat' dir='ltr'>graditur</span> <span class='ocrx_word' id='word_1_357' title='bbox 519 4868 591 4915; x_wconf 90' lang='lat' dir='ltr'>ante</span> <span class='ocrx_word' id='word_1_358' title='bbox 608 4871 676 4928; x_wconf 78' lang='lat' dir='ltr'>voa,</span> <span class='ocrx_word' id='word_1_359' title='bbox 701 4849 754 4935; x_wconf 94' lang='lat' dir='ltr'>qui</span> <span class='ocrx_word' id='word_1_360' title='bbox 770 4845 873 4914; x_wconf 89' lang='lat' dir='ltr'>divina</span> <span class='ocrx_word' id='word_1_361' title='bbox 890 4849 1008 4934; x_wconf 91' lang='lat' dir='ltr'>potitus</span> <span class='ocrx_word' id='word_1_362' title='bbox 1029 4848 1127 4932; x_wconf 87' lang='lat' dir='ltr'>gratia</span> <span class='ocrx_word' id='word_1_363' title='bbox 1150 4865 1265 4933; x_wconf 91' lang='lat' dir='ltr'>potens</span> <span class='ocrx_word' id='word_1_364' title='bbox 1287 4847 1344 4912; x_wconf 90' lang='lat' dir='ltr'>erit</span> <span class='ocrx_word' id='word_1_365' title='bbox 1364 4848 1447 4932; x_wconf 76' lang='lat' dir='ltr'>juxta</span> <span class='ocrx_word' id='word_1_366' title='bbox 1463 4844 1626 4932; x_wconf 90' lang='lat' dir='ltr'>pastoralis</span> 
     </span>
    </p>
   </div>
   <div class='ocr_carea' id='block_1_11' title="bbox 0 0 1926 5590">
    <p class='ocr_par' dir='ltr' id='par_1_13' title="bbox 0 0 1926 5590">
     <span class='ocr_line' id='line_1_44' title="bbox 0 0 1926 5590; baseline 0 0"><span class='ocrx_word' id='word_1_367' title='bbox 0 0 1926 5590; x_wconf 95' lang='lat' dir='ltr'> </span> 
     </span>
    </p>
   </div>
  </div>
 </body>
</html>
