3822 5592
266 609 289 679 J.
312 610 388 662 1288.
852 607 947 662 Briefe.
1432 657 1439 674 ,
1475 611 1532 657 111

267 763 410 831 officium
434 763 579 831 deferens
603 783 633 831 et
656 766 771 851 gratias
799 764 939 831 referens
963 763 1133 866 ampliores
1157 787 1215 852 pro
1241 787 1292 846 eo,
1321 763 1408 853 quod
1433 765 1465 831 in
1488 787 1536 832 re-

268 851 365 918 motis
389 850 525 937 partibus
548 868 678 938 agentes
705 851 922 938 propinquum
946 850 1024 916 miln
1047 873 1117 931 vos,
1146 861 1181 916 ut
1204 875 1242 916 ex
1270 849 1408 938 pluribus
1431 851 1537 938 accepi

267 937 471 1018 testimoniis,
494 936 709 1023 comprobatis
728 938 878 1018 amicum,
903 938 936 1002 in
959 935 1018 1002 hiis
1042 938 1221 1024 presertim,
1244 960 1306 1024 que
1324 946 1439 1003 statum
1465 957 1538 1024 pro·

268 1024 371 1089 vincie
401 1023 587 1089 continere
615 1021 811 1090 videbantur.
859 1023 892 1090 O
921 1025 958 1104 si,
986 1021 1164 1090 secundum
1195 1021 1322 1113 quoda
1346 1022 1436 1090 vobis
1459 1023 1558 1110 peti-¹

268 1133 387 1192 veram,
418 1132 470 1176 me
499 1046 537 1176 ab
568 1110 627 1176 hiis
660 1108 844 1192 infelicibus,
875 1108 988 1198 quibus
1011 1110 1231 1196 constringor,
1259 1110 1402 1189 vinculis,
1426 1131 1536 1198 passus
1604 1133 1617 1157 ·

269 1197 405 1264 fuissetis
421 1196 551 1279 absolvi,
575 1195 725 1286 quamdiu
740 1197 894 1279 viverem,
917 1219 970 1264 me
986 1207 1128 1264 vestrum
1149 1195 1188 1264 ad
1211 1197 1381 1285 gratiarum
1397 1195 1539 1264 antidota

267 1307 535 1373 recognoscerem
559 1283 747 1352 debitorem.
786 1285 870 1366 Feci,
894 1282 982 1373 quod
1006 1285 1187 1365 monuistis,
1216 1283 1384 1352 scribendo
1408 1285 1536 1352 Trevir-

268 1373 395 1440 ensibus
418 1371 458 1440 de
488 1371 618 1439 edificiis
642 1370 826 1439 ordinandis
851 1382 883 1438 et
910 1371 976 1438 aliis
1005 1372 1122 1440 litteras
1152 1371 1305 1440 efficaces.
1353 1373 1537 1440 Gratiosum

268 1459 436 1528 dominum
460 1483 571 1548 papam
589 1484 650 1528 nos
673 1459 787 1527 habere
811 1457 918 1526 iudico
943 1458 1117 1527 multorum
1140 1459 1294 1528 relatione
1317 1461 1487 1528 instructus
1507 1480 1539 1527 et

268 1571 372 1631 sero,
402 1546 488 1638 quod
512 1548 573 1615 hoc
604 1559 710 1636 patere
734 1546 903 1635 aliquando
928 1546 1040 1615 debeat
1067 1570 1123 1635 per
1147 1547 1306 1614 effectum.
1345 1547 1440 1615 Unde
1464 1571 1537 1615 curn
1584 1625 1585 1629 Ἰ

304 1635 445 1703 inoribus
468 1634 556 1702 litem
580 1659 647 1702 non
672 1634 785 1716 habe0,
814 1633 919 1702 sedai
944 1657 1025 1722 opns
1049 1645 1142 1716 esset,
1172 1633 1318 1702 modeste
1343 1646 1446 1702 uterer
1470 1636 1537 1702 iure
1631 1637 1637 1650 '

268 1747 353 1790 meo.
393 1724 526 1811 Semper
548 1721 630 1790 bene
653 1722 764 1790 valete.

268 1871 271 1874 -
280 1870 406 1876 -.--..-.-.
544 1869 583 1876 —<

373 1933 428 1999 Fpl.
441 1947 485 1998 14¹
499 1944 527 1987 v.
554 1931 608 1985 Das
619 1929 832 2002 Generallrapitel
847 1948 904 1984 war
920 1931 987 2002 1289
1001 1931 1027 1983 in
1041 1929 1125 1985 Trier.
1154 1930 1258 1984 Darauf
1264 1929 1331 1984 wird
1341 1930 1538 1986 unzweifelhaft

268 2021 295 2073 in
307 2020 368 2073 dem
384 2021 462 2074 Satze
480 2020 544 2073 irber
557 2019 635 2072 Trier
651 2018 846 2088 hingewiesen.
883 2018 939 2070 Das
952 2015 1161 2088 voraagehende
1180 2017 1206 2070 in
1220 2016 1307 2070 Lucca
1323 2018 1399 2084 1288,
1419 2018 1461 2071 ein
1481 2034 1538 2088 cap.

268 2124 329 2178 gen.
343 2105 513 2160 diffinitorum
534 2106 545 2158 1
565 2104 632 2176 (vgl.
652 2103 764 2157 dartiber
782 2102 1004 2169 Quetif-Ecbard,
1023 2103 1043 2168 1,
1063 2102 1237 2173 Einleitung),
1256 2101 1363 2174 begann
1382 2119 1425 2156 arn
1439 2120 1463 2174 9.
1476 2102 1538 2168 Mai,

268 2193 375 2248 dauerte
393 2193 462 2246 nach
481 2192 542 2246 dem
562 2191 707 2246 Schreiben
726 2189 773 2244 des
793 2189 1025 2261 Ordensgenerals
1044 2190 1137 2244 Munio
1155 2191 1227 2243 noch
1245 2189 1285 2243 bis
1304 2189 1358 2242 Mai
1378 2203 1419 2255 24.
1455 2189 1538 2244 Dario

267 2280 345 2336 heisst
365 2297 408 2336 es:
428 2281 495 2336 De.
516 2323 522 2336 .
542 2322 548 2334 .
568 2296 673 2333 summo
698 2278 823 2351 pontifice
842 2275 983 2349 (Nikolaus
1003 2277 1062 2346 1v.)
1082 2276 1183 2332 vobis.
1205 2318 1210 2330 .
1231 2277 1427 2332 ,innotescere
1452 2277 1538 2348 cupio,

268 2369 340 2443 quod
358 2387 422 2441 erga
435 2368 557 2424 ordinent
570 2375 691 2422 nostrum
707 2367 819 2420 multam
838 2366 1046 2420 benivolentiam
1059 2365 1147 2438 coepit
1161 2363 1304 2419 ostendere
1318 2373 1345 2419 et
1359 2381 1446 2436 spero,
1467 2363 1538 2438 quod

269 2457 447 2529 prolongante
461 2455 572 2511 domino
585 2455 641 2509 dies
655 2455 711 2508 eius
731 2455 817 2524 ipsum
837 2453 948 2508 intendit
961 2453 1085 2525 gratiosis
1105 2452 1239 2507 favoribus
1253 2451 1407 2507 confovere.
1438 2451 1543 2507 Darauf
1640 2471 1645 2476 ·

270 2545 374 2598 bezieht
392 2545 450 2598 sich
468 2543 542 2597 wohl
561 2543 608 2597 der
625 2541 730 2597 Schluss
754 2541 801 2595 des
821 2541 931 2595 Briefes.
968 2539 1097 2596 Nilrolaus
1117 2540 1162 2594 IV.
1182 2557 1239 2594 war
1257 2539 1373 2594 Minorit.
1410 2539 1467 2594 Pol.
1487 2540 1539 2612 89v

270 2631 352 2685 findet
377 2632 434 2686 sich
458 2631 500 2685 ein
520 2629 673 2696 Schreiben‚
692 2629 766 2683 wohl
791 2647 845 2683 von
864 2629 1014 2682 Hermanns
1033 2627 1118 2695 Hand,
1144 2627 1231 2681 worin
1254 2626 1301 2680 der
1318 2626 1465 2680 Provinzial
1492 2626 1538 2680 be·

270 2717 369 2786 dauert,
394 2717 450 2772 dass
473 2734 502 2772 er
525 2717 577 2771 den
601 2715 834 2771 vorbeireisenden
858 2715 990 2770 Definitor
1014 2716 1087 2769 einer
1112 2714 1212 2768 andem
1230 2714 1344 2769 Provinz
1371 2713 1445 2768 nicht
1469 2711 1539 2768 habe

270 2793 413 2874 begrnfsen
435 2803 551 2858 lronnen.
592 2804 627 2856 Er
651 2803 727 2857 bittet
750 2803 896 2858 denselben
920 2803 968 2856 mit
992 2801 1054 2856 dem
1077 2800 1224 2856 deutschen
1244 2800 1376 2855 Definitor
1399 2800 1440 2854 fiir
1464 2801 1538 2854 seine

269 2889 468 2960 Absolvierung
484 2906 516 2942 zu
535 2889 669 2942 stimmen.
701 2887 932 2942 Wahrsclreinlich
951 2888 1059 2958 haugen
1078 2885 1154 2940 beide
1173 2885 1261 2939 Briefe
1280 2887 1328 2939 mit
1347 2884 1474 2939 einander
1493 2893 1537 2939 zu-

269 2991 399 3030 sammeil.

878 3131 928 3198 tu.

335 3344 341 3356 .
374 3253 554 3362 Provinqial
571 3251 769 3408 [Hennam
792 3253 921 3321 schreibt
945 3275 986 3356 qu
1009 3254 1057 3320 die
1081 3254 1208 3320 Prioren
1231 3256 1262 3320 in
1292 3253 1448 3342 Wimpfcn
1476 3252 1542 3318 und

271 3341 473 3520 pppppfber
504 3342 571 3409 Dec
590 3366 654 3430 ung
682 3342 736 3409 der
768 3342 919 3408 Schulden
949 3342 1028 3408 chres
1058 3341 1268 3408 varstorbenen
1291 3339 1425 3408 Lektors.
1472 3338 1539 3431 (L.)

374 3551 425 3617 De
453 3551 588 3618 Lectore
617 3551 733 3632 misso,
784 3551 826 3632 ui,
854 3572 1024 3640 antequam
1077 3553 1233 3618 erveniret
1262 3550 1301 3618 ad
1331 3568 1539 3630 conventum,

269 3649 415 3705 mortuus
435 3649 482 3705 est
501 3649 532 3705 et
550 3636 715 3704 tenebatur
733 3574 857 3705 solvere
877 3650 909 3705 et
928 3638 1034 3706 habuit
1052 3574 1149 3705 ibros
1169 3649 1340 3706 mutuatos.
1379 3637 1539 3704 Prioribus

271 3777 277 3791 .
296 3777 304 3791 .
322 3724 574 3814 (Wimpinensi)
599 3735 631 3791 et
650 3724 825 3813 (Spirensi)
846 3725 1061 3827 provincialis.
1101 3727 1187 3806 Quia
1209 3737 1283 3813 post
1298 3735 1438 3792 mortem
1454 3723 1539 3790 bone

268 3813 426 3880 memorie
449 3812 551 3879 fratris
569 3864 576 3878 .
595 3864 602 3878 .
619 3834 720 3900 nuper
743 3811 870 3880 lectorrs
895 3811 1017 3880 diversa
1040 3836 1096 3900 per
1119 3815 1223 3916 ipsum
1246 3823 1407 3879 contracta
1426 3810 1539 3893 debita,

270 3911 304 3966 ut
332 3897 455 3982 dicitur,
486 3911 681 3986 repetuntur,
711 3897 900 3966 discrecioni
931 3911 1035 3967 vestre
1065 3899 1139 3966 duxr
1189 3923 1225 3966 ro
1253 3923 1330 3989 pace
1360 3917 1540 3966 ceterorum

270 3987 435 4072 negotium
486 3984 662 4052 resentibus
689 3985 792 4052 taliter
821 3984 1102 4068 committendum,
1125 3923 1283 4067 videlicet,
1312 3985 1409 4074 quod,
1437 3987 1541 4074 siqui

190 4152 191 4156 Ἰ
269 4071 378 4139 fratres
406 4009 608 4160 probabiliter
637 4070 815 4155 docuerint,
846 4072 991 4162 ad(d)ito
1020 4075 1288 4140 conscientiarum
1316 4096 1444 4139 suarum
1472 4073 1541 4139 vin-

271 4159 353 4241 culo,
382 4159 469 4248 quod
492 4157 531 4225 ad
555 4160 642 4246 ipsos
666 4158 760 4248 aliqui
784 4159 852 4227 libri
876 4163 1064 4247 pertineant,
1094 4184 1175 4251 quos
1199 4160 1254 4227 sibi
1281 4159 1430 4227 habuerat
1453 4182 1542 4225 conr·

272 4245 430 4328 modatos,
454 4247 540 4334 ipsos
565 4245 687 4313 eisdem
711 4249 834 4314 restitui
850 4249 946 4314 cicius
970 4251 1155 4336 procuretis.
1195 4249 1245 4314 De
1261 4247 1383 4349 reliquo
1408 4245 1542 4313 credito-

271 4332 354 4400 ribus
369 4333 435 4400 aliis
451 4333 508 4400 sub
525 4332 637 4400 eadem
654 4332 774 4400 cautela
789 4332 840 4401 vel
855 4334 988 4402 forsitan
1004 4359 1053 4402 am
1079 4335 1160 4416 liori,
1176 4336 1257 4402 sicut
1268 4334 1358 4402 vobrs
1374 4331 1541 4415 videbitur,

272 4421 356 4508 prius
374 4431 482 4487 tamen
497 4419 687 4487 secularibus
703 4444 799 4508 quam
818 4421 963 4489 fratribus
978 4358 1118 4503 satisdat,
1141 4445 1183 4488 ne
1199 4423 1274 4509 ipsis
1293 4437 1406 4508 negata
1422 4421 1543 4506 justicia

273 4506 453 4574 scandalum
475 4505 651 4610 prebeatur.
690 4506 742 4574 Ad
758 4505 846 4596 quod
869 4521 904 4576 ut
920 4511 1022 4576 maior
1038 4508 1129 4576 vobis
1153 4510 1254 4596 possit
1268 4508 1379 4576 adesse
1402 4507 1542 4589 facultas,

274 4618 319 4677 ea,
343 4619 404 4684 que
427 4594 484 4662 sibr
508 4593 701 4662 debebantur
725 4606 757 4662 et
780 4595 887 4678 libros,
912 4620 993 4685 quos
1017 4596 1147 4664 diversis
1171 4593 1395 4663 commodasse
1420 4594 1542 4676 dicitur,

273 4705 427 4749 necnon
454 4683 486 4749 in
515 4682 591 4749 cella
620 4705 675 4748 sua
703 4701 846 4770 repertos
877 4708 950 4750 cum
980 4683 1071 4751 rebus
1102 4683 1168 4751 aliis
1191 4682 1326 4751 fideliter
1355 4682 1543 4763 distrahatis,

272 4769 433 4838 residuum
461 4773 542 4838 inter
570 4781 748 4838 conventus
763 4783 900 4839 vestros
934 4773 1080 4860 proprios
1111 4770 1260 4860 equaliter
1290 4770 1482 4852 dividentes,
1511 4771 1543 4836 in

273 4882 338 4946 quo
355 4881 427 4925 casu
443 4857 592 4946 dispenso
609 4860 820 4926 consenciens
837 4861 976 4948 equitati,
997 4883 1070 4926 nam
1090 4861 1121 4926 in
1139 4869 1301 4926 conventu
1317 4871 1436 4940 vestro,
1456 4859 1543 4946 prior
