3822 5592
284 549 288 560 ’
375 585 434 652 114
954 581 1048 636 oriere.
1085 569 1086 574 ’
1511 581 1534 653 J.
1557 583 1631 638 1288,

369 734 528 804 consessio
552 734 631 804 lacta
645 735 768 817 talibus,
791 748 839 804 set
862 735 910 804 illa
926 737 1004 819 sola,
1028 759 1090 826 que
1112 735 1148 804 fit
1163 735 1426 818 Predicatoribus,
1450 759 1532 825 quos
1553 759 1632 826 papa

368 821 408 890 ad
435 822 496 890 hoc
525 821 620 910 elegit
648 823 869 906 ministerium,
898 823 1151 911 condempnatur
1177 821 1216 890 ad
1240 821 1403 905 circulum,
1432 846 1505 890 cum
1535 825 1632 892 instar·

369 907 521 996 sacrilegii
548 907 732 999 habeat(ur)
761 907 912 992 dubitare,
941 933 981 978 an
1010 910 1058 978 his
1086 909 1200 997 dignus
1228 911 1278 991 sit,
1306 933 1403 998 quem
1428 909 1557 998 elegerit
1585 913 1631 978 in-

368 1007 503 1084 perator.
550 995 739 1064 Scrutamini
769 997 937 1084 scripturas
967 1020 1035 1064 non
1068 1009 1133 1064 tam
1167 996 1359 1078 theoloicas,
1396 1019 1472 1086 quas
1502 997 1629 1086 quidam

367 1094 479 1169 putant
502 1081 540 1150 ad
570 1094 683 1151 nutum
707 1082 877 1152 doetomm
906 1083 1044 1165 traditas,
1071 1095 1120 1152 set
1143 1106 1205 1166 eas,
1234 1084 1266 1150 in
1294 1082 1407 1173 quibus
1429 1106 1489 1152 vos
1516 1086 1630 1172 putatis

368 1171 465 1238 vitam
488 1169 612 1252 habere,
637 1172 805 1238 canonicas
828 1182 860 1238 et
882 1171 1050 1239 invenietis
1070 1169 1306 1238 consessionem
1331 1169 1445 1238 factam
1468 1193 1536 1238 non
1562 1195 1631 1240 esse

368 1255 558 1326 iterandam:
582 1257 793 1324 Mensuram.⁶
831 1257 991 1347 Sequitur:
1017 1259 1076 1326 hiis
1099 1271 1130 1326 et
1153 1258 1219 1326 aliis
1242 1257 1373 1326 infinitis
1396 1258 1630 1346 gravaminibus

367 1345 542 1444 provocati,
566 1356 598 1411 et
614 1363 727 1412 cetera.
766 1345 882 1412 Utrum
897 1368 1049 1433 pauperes
1065 1345 1247 1413 Predicator
1266 1344 1406 1434 esplures
1422 1364 1474 1412 aut
1493 1348 1630 1414 maiores

367 1431 495 1498 miurias
510 1429 645 1498 inferant
660 1430 800 1498 dominis
816 1454 856 1497 an
872 1433 930 1519 ipsi
950 1432 1147 1521 pauperibus,
1172 1433 1421 1500 constituciones
1438 1431 1513 1501 due:
1538 1433 1631 1501 Extra

368 1515 407 1584 de
434 1516 626 1604 prelatorum
657 1516 834 1584 excessibus
862 1519 1068 1618 requirantur.
1114 1518 1168 1585 Set
1196 1519 1259 1586 hoc
1288 1518 1456 1606 plerosque
1484 1518 1631 1587 sollicitat

367 1627 403 1670 ac
425 1602 536 1686 titillat,
560 1603 648 1693 quod
672 1656 678 1670 .
705 1657 712 1672 .
738 1656 745 1671 .
769 1602 930 1671 beneficiis
953 1604 1168 1672 ecclesiasticis
1192 1603 1403 1694 inpi(n)guati
1419 1627 1475 1672 sue
1498 1606 1631 1673 avaricie

367 1689 505 1758 subtrahi
528 1703 684 1779 reputant,
715 1690 862 1781 quicquid
885 1691 1073 1780 pauperibus
1095 1694 1222 1779 piorum
1246 1692 1381 1760 devocio
1405 1691 1629 1780 elargitur...

367 1776 601 1865 superadditur,
624 1778 712 1868 quod
735 1780 864 1846 iuvenes
888 1780 1052 1847 mittantur
1075 1778 1301 1859 Predicatores,
1328 1780 1380 1881 qui
1404 1801 1464 1847 nec
1487 1779 1630 1848 moribus

367 1887 426 1931 nec
450 1875 532 1932 etate
548 1864 599 1932 vel
621 1867 752 1933 scientia
774 1863 943 1934 sufficiunt.
983 1867 1043 1933 Hic
1067 1866 1160 1933 alieni
1182 1867 1264 1934 servi
1287 1864 1473 1948 iudicantur,
1497 1868 1551 1954 qui
1569 1889 1628 1933 suo

367 1949 501 2020 domino
525 1963 608 2020 stant
629 1952 680 2022 vel
704 1951 819 2021 cadunt
843 2006 849 2020 .
876 2006 883 2020 .
909 2006 916 2021 .
940 1953 972 2021 Si
996 1975 1107 2021 verum
1131 1971 1224 2036 esset,
1271 1952 1335 2020 uod
1359 1971 1441 2020 etate
1464 1955 1629 2021 maturiori

367 2061 434 2106 non
457 2039 623 2126 pollerent,
647 2040 734 2129 quod
757 2053 888 2114 nonest
912 2041 964 2123 ita,
989 2040 1100 2108 melius
1123 2053 1230 2110 tamen
1249 1975 1335 2108 leret
1358 2041 1392 2107 in
1408 2051 1479 2110 cetu
1501 2040 1628 2129 religio-

366 2149 475 2195 sorum
492 2126 607 2195 habere
629 2127 760 2196 iuvenes
776 2151 871 2218 quarn
888 2127 1002 2211 nullos,
1025 2130 1107 2196 sicut
1128 2130 1160 2196 in
1180 2151 1315 2196 numero
1331 2125 1543 2211 sacerdotum,
1567 2130 1628 2195 nisi

366 2213 464 2282 velint
486 2236 542 2304 per
564 2217 761 2305 questuarios
784 2227 837 2282 aut
851 2214 903 2284 vul
928 2218 1078 2284 arizantes
1101 2215 1273 2284 simbolum
1297 2216 1381 2284 hunc
1403 2217 1552 2284 resarcire
1575 2215 1629 2284 de·

366 2301 494 2370 fectum:
533 2301 688 2371 Procedat
710 2303 869 2370 lohannes
918 2304 1103 2391 wangelista
1125 2303 1310 2372 adolescens
1333 2304 1466 2371 amictus
1490 2303 1627 2372 sindone

366 2413 460 2479 super
484 2389 583 2474 nudo,
612 2410 756 2480 erumpat
778 2391 926 2470 Ieremias
950 2392 1126 2460 clamitans:
1158 2390 1410 2460 aaadomine
1434 2391 1532 2474 Deus,
1556 2393 1628 2481 quia
1679 2463 1682 2470 ,
1757 2378 1760 2463 i

366 2501 443 2566 puer
466 2501 537 2546 sum
561 2491 593 2547 et
621 2481 730 2547 nescio
754 2478 850 2568 loqui.
889 2479 954 2561 Set,
983 2480 1057 2570 quid
1085 2479 1127 2548 illi
1151 2480 1226 2548 dicit
1249 2479 1391 2547 divinum
1419 2499 1627 2566 responsum:

365 2565 417 2634 Ad
432 2568 551 2648 omnia,
575 2589 636 2656 que
660 2569 784 2634 mittam
807 2582 850 2650 te,
874 2567 931 2633 ibis
947 2579 1007 2636 etc.
1046 2568 1219 2635 Suscitetur
1233 2567 1374 2633 Danielis
1397 2568 1523 2654 spiritus
1540 2569 1628 2654 pueri

365 2654 496 2720 iunioris
525 2665 557 2722 et
585 2653 722 2723 duorum
750 2677 864 2722 senum
894 2654 1059 2722 ulciscatur
1086 2655 1307 2743 petulanciam‚
1335 2677 1429 2742 quam
1459 2654 1628 2721 machinati

365 2741 488 2810 fuerant
509 2742 542 2808 in
565 2741 752 2809 Susannam.
791 2741 837 2808 Ex
860 2764 917 2809 ore
941 2741 1072 2809 demum
1102 2742 1274 2810 infancium
1298 2753 1329 2808 et
1352 2741 1539 2808 lactancium
1563 2741 1628 2808 laus

365 2826 534 2914 perficitur.
573 2828 640 2908 Qui
655 2829 682 2895 si
697 2839 847 2908 tacerent,
870 2830 955 2895 iuxta
970 2851 1154 2896 sermonem
1171 2828 1369 2896 dominicum
1389 2825 1507 2928 lapides
1523 2827 1628 2894 clami-

365 2926 476 2981 tarent.
518 2913 641 2981 Ultimo
658 2911 856 2994 concluditis,
879 2913 966 3003 quod
990 2914 1171 2981 huiusmodi
1194 2913 1484 3001 presumptionibus
1507 2912 1627 2980 frivolis

365 2999 574 3067 moderamen
597 3002 761 3087 inponam.
800 3000 898 3084 Deus,
922 3002 976 3088 qui
992 3000 1116 3068 celestia
1139 2999 1233 3068 simul
1248 3012 1280 3068 et
1295 3017 1417 3066 terrena
1433 2998 1626 3082 moderatur,

365 3089 432 3175 ipse
455 3087 589 3155 modum
613 3085 769 3170 ostendat,
793 3110 888 3176 quern
912 3087 1012 3154 modo
1036 3110 1162 3177 nequeo
1186 3087 1344 3154 invenirel
1383 3086 1467 3153 Nam
1488 3084 1528 3153 ad
1552 3109 1626 3175 que·

365 3174 474 3257 relam,
497 3198 591 3264 quam
607 3176 833 3258 transmisistis,
856 3197 924 3242 non
940 3197 1070 3262 possum
1086 3198 1216 3242 manum
1234 3176 1370 3255 mittere,
1393 3174 1465 3262 quia
1481 3172 1626 3240 informis

366 3280 423 3344 est,
447 3285 507 3329 nec
530 3263 747 3354 inquisicionis
770 3285 830 3330 nec
846 3261 1098 3331 denunciationis
1114 3285 1174 3330 nec
1189 3261 1402 3330 accusacionis
1425 3259 1478 3329 a'ut
1493 3261 1626 3328 actionis

366 3371 514 3417 normam
536 3361 660 3418 tenens.
700 3350 818 3418 Littera
840 3363 943 3418 vestra
965 3351 1052 3453 plura
1082 3351 1258 3440 proposuit,
1287 3361 1345 3431 set,
1373 3350 1426 3438 qui
1450 3347 1626 3416 secundum

365 3437 469 3590 lepem
490 3437 590 3505 effuso
613 3460 763 3506 sermone
785 3461 819 3505 se
843 3439 944 3518 iactat,
967 3462 1000 3505 m
1018 3451 1181 3526 promtum
1203 3437 1377 3526 periculum
1400 3435 1527 3519 incidit3
1551 3459 1627 3526 que·

365 3547 444 3590 reas
475 3523 721 3613 exag(g)eravit‚
752 3537 801 3592 set
832 3526 943 3591 merita
975 3547 1137 3592 causarum
1169 3526 1310 3612 parcium
1340 3524 1520 3590 assercione
1552 3546 1627 3610 pan-

366 3609 491 3678 duntur.
537 3613 688 3692 lictores,
717 3622 814 3678 testes
845 3629 877 3677 et
905 3608 1024 3678 iudices
1051 3611 1144 3677 simul
1172 3611 1261 3692 estis,
1292 3621 1340 3676 set
1367 3620 1514 3676 neutrum
1545 3609 1627 3676 bene

365 3719 439 3784 pera
463 3698 496 3779 it,
520 3698 573 3786 qui
596 3697 634 3764 ad
658 3709 763 3764 utrum
787 3719 826 3764 ue
849 3696 984 3779 festinat,
1007 3711 1042 3764 ut
1065 3696 1139 3764 dicit
1162 3696 1172 3762 l
1195 3696 1234 3764 de
1258 3694 1477 3762 assessoribus.
1520 3695 1627 3777 Addo,

366 3719 461 3872 quod
481 3802 512 3850 et
536 3803 730 3852 executores.
766 3721 860 3852 (llam
883 3784 1056 3872 prohibetis
1080 3782 1322 3871 condempnatis
1345 3783 1456 3850 vestris
1480 3781 1628 3850 alimenta

366 3870 510 3954 concedi,
539 3883 573 3938 ut
594 3869 677 3939 fame
706 3883 845 3959 pereant,
874 3894 954 3960 quos
983 3881 1112 3959 propter
1136 3871 1300 3937 Christum
1327 3868 1434 3936 relicta
1456 3869 1627 3937 substantia

365 3958 499 4048 amplius
523 3981 590 4025 non
613 3969 790 4028 sustentat.
809 3957 943 4026 ..Inter
967 3969 1070 4026 cetera
1092 3957 1165 4025 licet
1188 3956 1271 4024 sedis
1292 3956 1465 4044 apostolice
1489 3956 1627 4024 clemen-

365 4047 446 4114 ciam
469 4068 528 4114 vos
552 4047 772 4134 protestemini
795 4047 959 4134 petituros,
983 4045 1208 4114 nichilominus
1231 4057 1339 4112 tamen
1363 4042 1490 4134 quidam
1514 4044 1626 4112 sedici-

365 4157 464 4202 onem
487 4146 706 4216 commovent,
730 4135 838 4216 iuncti,
867 4152 901 4201 ut
924 4134 1042 4217 dicunt,
1066 4145 1098 4201 et
1121 4132 1273 4220 iungendi
1296 4131 1362 4199 aliis
1386 4132 1626 4220 episcopatibus,

365 4239 475 4290 contra
485 4233 561 4303 nos,
585 4233 745 4312 tamquam
762 4222 863 4288 inscio
886 4223 1028 4310 principe
1043 4244 1129 4288 arma
1146 4243 1271 4288 sumere
1292 4219 1393 4302 liceat,
1418 4231 1451 4287 ut
1469 4221 1502 4286 in
1518 4233 1626 4288 auten-

363 4312 435 4392 tica,
458 4307 509 4377 vel
525 4310 575 4375 cui
597 4307 698 4392 liceat,
722 4309 754 4376 in
771 4331 862 4376 causa
877 4311 1003 4396 propria
1018 4307 1076 4375 sibi
1091 4310 1196 4375 suisve
1216 4310 1264 4375 ius
1280 4306 1395 4375 dicere.
1434 4307 1503 4374 Hec
1518 4320 1625 4375 autem

364 4395 509 4464 animalia
524 4395 647 4463 oculata
669 4394 836 4484 providere
874 4398 1013 4477 oteratis,
1036 4395 1124 4484 quod
1140 4419 1187 4477 ea,
1210 4418 1271 4483 que
1292 4395 1456 4482 imponitis
1472 4393 1626 4475 fratribus,

363 4483 591 4572 probacionem
619 4495 795 4571 expectant.
841 4418 895 4550 det
924 4506 975 4565 ea,
1004 4506 1065 4571 que
1087 4506 1146 4552 vos
1175 4494 1285 4550 contra
1307 4503 1367 4550 vos
1392 4533 1399 4548 .
1425 4533 1432 4548 .
1458 4533 1464 4548 .
1490 4481 1627 4549 confessi

364 4573 449 4654 estis,
473 4593 531 4660 pro
554 4570 692 4639 iudicato
709 4573 767 4638 erit
790 4569 981 4638 habendum.
1020 4570 1173 4638 Ceterum
1189 4571 1215 4636 si
1238 4568 1277 4636 ad
1293 4591 1420 4636 causam
1443 4570 1535 4636 istam
1559 4591 1626 4636 uon

363 4681 495 4746 possum
519 4681 650 4724 manum
674 4659 810 4739 mittere,
834 4679 900 4724 non
924 4657 1002 4724 mihi
1025 4659 1159 4744 imputet
1182 4668 1285 4724 vestra
1307 4657 1498 4724 reverencia.
1542 4656 1624 4723 Nam

336 4822 338 4828 ¹
364 4769 436 4813 cum
460 4745 583 4833 pridem
607 4768 734 4812 mecum
757 4755 860 4812 vestra
889 4744 1066 4831 benignitas
1089 4744 1129 4812 de
1178 4767 1233 4810 ace
1255 4741 1458 4810 reformanda
1479 4753 1625 4810 tractaret

363 4834 395 4898 in
412 4833 549 4899 concilio
565 4830 773 4918 Erbipolensi,
797 4832 887 4897 unica
904 4853 995 4896 causa
1011 4829 1130 4897 dissidii
1146 4767 1212 4912 ibit,
1233 4847 1339 4896 utrum
1355 4827 1501 4896 videlicet
1516 4828 1625 4896 funera
