3828 5590
949 609 1042 664 Briese.
1503 611 1525 682 J.
1548 611 1614 678 1264

979 766 1008 834 8.

470 882 716 970 Ordensgeuerol
744 886 895 966 lohannes
926 885 1121 951 beontwortet
1148 886 1204 951 das
1233 886 1392 952 Schreiben
1425 887 1475 951 des
1503 886 1624 974 Popstrs

362 966 488 1068 (llrban
504 969 585 1052 114),
608 971 774 1122 aterppricbt
795 969 979 1072 Gebetslrilse
1001 971 1052 1035 des
1071 969 1190 1036 Ordeus
1212 972 1276 1036 und
1298 971 1445 1058 cmpfiehlt
1468 971 1622 1036 denselbeu

359 1076 470 1120 semem
496 1055 624 1141 Schutre
646 1054 666 1142 (
688 1079 752 1122 aras
778 1059 861 1142 1264
884 1057 982 1145 Irrita).

466 1159 673 1226 Sanctissimo
697 1162 776 1247 patri
800 1184 835 1227 ac
858 1159 992 1228 domiuo
1008 1161 1081 1226 Deo
1104 1163 1203 1248 gratia
1221 1181 1418 1228 sacrosancte
1442 1185 1477 1228 ac
1501 1163 1625 1228 univer·

360 1243 431 1311 salis
462 1246 594 1313 ecclesie
624 1271 753 1314 summo
782 1247 924 1336 pontifici
952 1247 1045 1315 irater
1074 1247 1235 1333 Joltannes
1268 1269 1327 1316 etc.
1352 1272 1385 1315 se
1415 1250 1519 1336 ipsunt
1552 1272 1623 1316 cunr

361 1331 536 1401 humilitate
559 1334 715 1420 profunda
739 1335 778 1403 ad
799 1333 916 1422 pedum
947 1335 1053 1402 oscula
1083 1335 1259 1403 beatorum.
1299 1337 1414 1403 Vestre
1429 1335 1625 1490 dignacionis

360 1431 392 1486 et
414 1423 514 1522 gratie
536 1435 679 1510 receptas
706 1423 824 1490 litteras
847 1447 921 1490 cunt
944 1426 1126 1491 reverencie
1157 1423 1261 1491 debite
1283 1423 1432 1491 famulatu
1467 1437 1564 1490 ratres
1592 1426 1624 1490 in

360 1507 497 1596 capitulo
513 1508 571 1575 sibi
587 1510 681 1576 lectas
698 1510 884 1599 at(t)entius
900 1531 931 1578 et
948 1511 1093 1578 devotius
1109 1511 1284 1592 audierunt,
1301 1510 1387 1599 quod
1404 1511 1624 1578 continebatur

359 1596 392 1662 in
417 1595 472 1676 eis,
496 1609 644 1684 prompta
666 1595 768 1664 fidelis
791 1596 1049 1686 exequ(u)tionis
1073 1597 1258 1664 obediencia
1274 1598 1430 1699 inpleturi.
1459 1597 1623 1664 Intellecto

359 1681 527 1782 siquidem,
550 1683 638 1771 quod
661 1707 735 1767 vos,
760 1685 942 1751 communis
966 1686 1113 1751 omnium
1136 1697 1279 1772 pateret
1308 1708 1450 1772 ipsorum
1475 1684 1624 1751 dominns

359 1769 559 1854 spirituales,¹
582 1770 764 1838 collisiones
787 1770 941 1838 fluctuum
965 1773 1171 1839 adversorum
1187 1773 1430 1859 circumquaque
1454 1773 1624 1852 sustinetis,

359 1867 391 1921 et
414 1877 480 1920 non
504 1857 609 1922 solum
632 1858 725 1924 alieni
748 1881 765 1923 a
788 1856 852 1923 fide
874 1878 922 1924 set
946 1861 978 1923 in
1002 1857 1075 1924 fidei
1092 1871 1290 1924 sacramento
1313 1859 1414 1924 renati
1436 1859 1501 1924 suis
1517 1869 1623 1924 tamen

359 1941 539 2007 criminosis
570 1943 689 2008 actibus
722 1955 753 2010 et
790 1946 945 2029 perversis
977 1945 1101 2010 alienati
1133 1943 1171 2008 ab
1204 1957 1295 2010 utero
1326 1946 1434 2009 matris
1463 1967 1520 2008 sue
1552 1942 1623 2009 sacti

359 2025 534 2113 degeneres
551 2040 582 2094 et
597 2029 733 2115 privigni
750 2029 972 2096 excellenciam
989 2031 1161 2096 sanctitatis
1177 2043 1306 2116 paterne
1322 2030 1354 2094 in
1368 2029 1499 2096 diversis
1512 2029 1621 2094 mnndi

359 2112 496 2198 partibus
512 2113 658 2180 audacius
675 2127 706 2183 et
728 2115 934 2202 periculosius
951 2114 1218 2202 persequ(u)ntur
1234 2128 1266 2182 et
1289 2127 1399 2182 contra
1415 2135 1519 2182 vestre
1535 2137 1624 2181 cotn-

357 2199 514 2286 passionis
544 2201 663 2267 viscera
699 2202 758 2268 hec
786 2203 913 2268 veniant
953 2203 1115 2282 universa,
1155 2203 1208 2289 qui
1241 2203 1385 2288 patimini
1423 2203 1454 2266 in
1494 2201 1624 2288 singulis

357 2286 556 2372 passionibus
584 2287 798 2371 subditorum,
831 2288 941 2356 dolent
965 2289 1191 2356 vehemencius
1220 2301 1381 2378 tamquam
1406 2287 1537 2354 menbra
1567 2288 1623 2354 hu·

357 2373 488 2441 millima
504 2376 537 2441 in
560 2377 608 2442 sui
625 2377 733 2464 capitis
756 2375 888 2457 lesione,
912 2401 986 2444 cum
1007 2375 1145 2444 deflente
1169 2375 1298 2456 deflent,
1322 2400 1394 2442 cum
1411 2375 1547 2457 turbato,
1571 2378 1623 2464 qni

356 2485 415 2548 pto
438 2463 588 2530 omnibus
612 2465 725 2548 uritur,
756 2463 828 2532 licet
851 2463 1058 2546 dissimiliter,
1089 2463 1318 2552 perturbantur.
1365 2464 1434 2532 Nec
1458 2464 1573 2530 mirum
1597 2465 1621 2528 si

356 2572 416 2636 pro
436 2562 526 2618 tanto
543 2550 678 2618 domino
693 2565 781 2640 patre
796 2565 861 2620 tam
885 2551 1116 2640 benignissimo
1132 2551 1320 2639 affligantur,
1345 2553 1431 2639 cujus
1447 2550 1486 2618 ad
1502 2551 1622 2618 ordinis

356 2637 502 2705 affectum
538 2639 706 2722 intimum,
740 2639 959 2708 benivolencie
994 2641 1127 2728 gratiam
1166 2641 1263 2728 ipsius
1294 2638 1416 2706 domini
1448 2640 1621 2707 transmissi

356 2727 527 2794 venerandi
550 2729 654 2815 apices
677 2727 796 2817 liquido
820 2728 1089 2797 demonstrarunt.
1135 2729 1269 2815 Propter
1291 2727 1395 2816 quod,
1425 2728 1621 2794 sanctissime

356 2826 444 2900 pater
459 2837 494 2881 ac
511 2813 652 2897 domine,
676 2839 735 2903 pro
751 2816 857 2883 salutis
873 2830 976 2883 vestre
993 2817 1240 2884 conservacione
1256 2817 1371 2902 pariter
1387 2827 1418 2882 et
1434 2833 1619 2901 augmento,

355 2920 414 2986 pro
437 2912 519 2966 statu
535 2901 667 2988 pacifico
684 2915 716 2970 et
731 2903 898 2991 tranquillo
922 2902 1105 2970 universalis
1121 2902 1252 2969 ecclesie
1274 2904 1415 2968 iniuncte
1431 2913 1504 2967 sunt
1523 2902 1619 2966 misse

356 3005 388 3054 et
412 2988 574 3054 orationes
597 2988 655 3055 alie
678 2989 828 3077 speciales
859 2988 1003 3056 iratribus
1032 2989 1181 3056 omnibus
1205 2989 1237 3054 in
1261 2987 1391 3056 diversis
1418 2986 1530 3054 mundi
1552 3009 1620 3074 par-

355 3073 437 3141 tibus
461 3077 640 3143 constitutis
663 3089 752 3144 tanto
775 3077 929 3145 solvende
951 3077 1128 3145 fervencius
1151 3090 1182 3144 et
1206 3075 1382 3144 exhibende
1404 3073 1542 3157 fidelius,
1573 3075 1620 3140 iu·

355 3164 493 3230 stancius
529 3163 732 3252 exequende‚
765 3177 883 3254 quanto
914 3165 977 3232 hoc
1009 3166 1138 3254 requirit
1174 3163 1307 3252 amplius
1340 3163 1478 3251 undique
1508 3161 1619 3230 dolosa

356 3249 521 3332 calliditas,
553 3264 658 3339 aperta
694 3254 809 3320 sevicia
844 3265 875 3320 et
910 3253 1043 3320 crudelis
1073 3253 1267 3334 immanitas,
1304 3275 1365 3352 que
1395 3263 1505 3318 contra
1537 3250 1619 3318 sedis

263 3356 265 3362 ’
355 3338 530 3404 aostolice
561 3337 790 3426 benignitatem
823 3360 853 3407 et
887 3339 1165 3407 mansuetudinem
1196 3341 1380 3426 gravissime
1413 3337 1618 3404 insolescunt.

356 3360 441 3504 (luia
464 3448 542 3491 vero
565 3424 623 3492 sub
646 3445 750 3493 vestre
773 3426 970 3513 dignacionis
993 3439 1138 3513 respectu
1188 3427 1253 3492 nasi
1280 3423 1466 3514 quibusdam
1496 3425 1619 3511 pietatis

355 3509 410 3578 alis
441 3511 523 3580 ordo
553 3524 662 3579 noster
690 3513 871 3595 roboratur,
902 3515 1079 3601 protegitur
1112 3525 1143 3580 et
1165 3449 1307 3593 lovetur,
1339 3511 1481 3599 supplico
1513 3521 1616 3578 vestre

356 3597 538 3684 plenissime
568 3617 599 3665 et
628 3597 845 3666 efficacissime
875 3601 1023 3686 potestati
1052 3601 1084 3665 in
1113 3599 1199 3665 brevi
1230 3611 1389 3665 annuente
1418 3596 1552 3664 domino
1581 3596 1618 3662 ad

356 3702 493 3750 vestram
516 3687 708 3782 presentiam
732 3709 924 3766 accessurus,
948 3705 982 3752 ut
1005 3685 1115 3751 iratres
1138 3687 1242 3752 tocius
1266 3684 1386 3751 ordinis
1408 3684 1499 3751 vobis
1523 3682 1619 3750 devo·

355 3769 497 3835 tissimos
519 3782 807 3858 Juxtaconceptam
831 3770 870 3838 de
886 3785 989 3839 vestra
1011 3771 1205 3858 benignitate
1220 3771 1368 3838 fiduciam
1392 3793 1491 3857 prona
1507 3769 1617 3855 digne·

355 3855 434 3922 mini
461 3855 674 3924 benivolentia
703 3857 891 3940 confovere,
924 3858 1091 3946 oportunis
1119 3857 1239 3925 eisdem
1273 3857 1383 3924 adesse
1414 3856 1557 3944 presidiis
1587 3868 1618 3921 et

355 3943 496 4028 ipsorum
520 3955 636 4011 statum
660 3948 809 4032 congruis
832 3945 982 4012 roborare
998 3943 1156 4011 favoribus
1179 3966 1210 4012 et
1233 3947 1265 4010 in
1282 3943 1394 4011 melius
1418 3965 1616 4010 conservare.

358 4070 425 4076 .-.-..
442 4070 450 4075 .
456 4071 460 4075 .
470 4071 669 4078 -..Ἄ-.-.-

461 4118 576 4188 ¹spales
601 4119 650 4172 mit
676 4119 740 4172 uber
761 4119 961 4172 eschriebenem
980 4137 1008 4185 a,
1032 4118 1089 4172 also
1112 4118 1200 4188 gleich
1224 4118 1370 4190 spirituales
1389 4117 1454 4170 oder
1480 4116 1616 4187 speciales.

354 4185 489 4240 Letzteres
507 4187 582 4242 liesse
601 4188 658 4242 sich
677 4136 818 4260 allerdings
838 4190 885 4242 mit
904 4189 1056 4242 collisiones
1076 4189 1227 4242 verbinden.

459 4345 514 4400 Fol.
533 4358 603 4413 22v,
622 4347 669 4401 Nr.
688 4345 713 4401 6.
742 4347 771 4400 ln
789 4347 895 4418 Ripolll,
915 4347 1057 4401 Bnllarium
1077 4347 1088 4400 l
1108 4347 1160 4400 und
1178 4348 1308 4412 Potthast,
1328 4346 1445 4416 Regesta
1458 4343 1616 4398 Pontificum

352 4431 433 4487 lindet
452 4434 510 4487 sich
528 4434 588 4487 lrein
601 4434 745 4488 Sebreiben
758 4433 862 4488 Urbans
881 4435 926 4489 lV.
940 4451 993 4488 von
1009 4431 1075 4500 1264
1094 4451 1127 4486 an
1146 4433 1192 4487 das
1212 4433 1424 4504 Generallrapitel
1438 4432 1616 4486 verzeichnet.

355 4518 419 4588 1265
434 4520 507 4590 April
528 4536 559 4589 23
580 4520 672 4574 sandte
692 4520 820 4574 Klernens
840 4521 884 4578 lV.
904 4521 946 4574 die
961 4521 1034 4574 Bnlle
1054 4521 1200 4591 »Splendor
1218 4531 1327 4592 paterne
1346 4519 1464 4590 gloriae«
1478 4519 1616 4586 (Potthast

355 4621 438 4679 19102
458 4606 511 4660 und
528 4608 555 4660 in
574 4624 683 4661 unserer
701 4607 752 4662 HS.
772 4607 828 4662 Fol.
850 4609 895 4677 35)
914 4626 947 4661 an
966 4608 1012 4661 das
1031 4607 1098 4662 Gn.
1118 4625 1149 4660 zu
1167 4607 1344 4678 Montpellier.
1373 4606 1453 4658 Doch
1472 4605 1541 4657 kann
1560 4604 1617 4657 siclt

352 4695 446 4764 obiges
460 4694 612 4761 Schreiben,
632 4713 700 4765 ganz
714 4695 868 4765 abgeseheu
883 4712 936 4747 von
949 4695 1001 4748 den
1019 4694 1118 4747 andern
1130 4692 1423 4764 Datierungsgrtmden,
1442 4690 1537 4744 darauf
1545 4691 1617 4742 nicht

351 4781 488 4848 beziehen,
507 4781 569 4835 weil
589 4782 631 4834 die
650 4781 770 4835 offenbar
789 4781 836 4834 der
850 4781 923 4834 Bnlle
943 4791 1136 4835 entnommene
1148 4780 1229 4834 Stelle
1248 4781 1313 4834 tiber
1331 4781 1373 4833 die
1385 4777 1531 4847 Verfolger
1544 4776 1616 4829 lelrlt.
