3828 5590
283 625 307 693 J.
329 639 405 690 ¹27²·
875 625 970 679 Briefe.
1515 633 1556 697 79

285 782 343 846 rite
375 779 581 864 elegerimus,
613 781 708 864 ipsius
740 779 905 846 electionis
929 780 1090 847 decretum
1116 801 1219 847 vestre
1252 784 1428 848 reverentie
1459 797 1558 850 trans-

285 867 465 944 mittentes,
492 866 712 952 paternitatem
737 877 873 932 vestram
903 889 1053 952 rogamus
1082 878 1114 933 et
1141 890 1197 954 per
1220 869 1281 934 Dei
1306 867 1556 934 misericordiam

285 951 505 1033 obsecramus,
537 952 683 1040 quatinus
715 953 813 1018 totius
845 953 1003 1040 provintie
1039 965 1148 1020 nostre
1181 966 1372 1042 conceptum
1411 953 1452 1022 de
1486 957 1557 1043 ipso

285 1038 436 1126 gaudium
459 1038 615 1125 impleatis
639 1062 705 1105 non
729 1038 939 1120 attendentes,
963 1041 988 1106 si
1007 1063 1084 1128 quas
1107 1042 1283 1127 porrexerit
1306 1043 1338 1107 in
1362 1045 1555 1110 contrarium

285 1126 464 1214 supplicans
480 1127 630 1205 rationes,
652 1144 700 1192 set
717 1127 823 1208 cicius,
840 1126 927 1228 quod
943 1126 982 1193 de
999 1127 1069 1213 ipso
1085 1127 1202 1194 factum
1218 1139 1276 1209 est,
1298 1128 1557 1196 confirmacionis

286 1237 420 1280 munere
444 1213 649 1279 consumetis.
688 1212 924 1279 Nichilomnrus
948 1215 1034 1280 enim
1058 1212 1241 1280 adinvenire
1263 1238 1445 1302 possumus,
1466 1216 1557 1369 guod

286 1300 460 1366 damnum
491 1301 650 1388 provintie
678 1323 886 1387 compensare
916 1299 1047 1382 valeret,
1077 1301 1104 1366 si
1136 1323 1195 1367 suo
1225 1300 1265 1368 de
1300 1303 1368 1388 ipso
1397 1303 1464 1369 desi
1489 1305 1557 1370 erio

285 1324 498 1469 fraudaretur,
527 1389 628 1453 immo
656 1385 771 1453 rubore
794 1399 826 1454 et
849 1386 1066 1454 erubescentia
1088 1386 1275 1474 repleretur,
1306 1389 1349 1470 si,
1382 1389 1424 1455 ob
1470 1413 1557 1456 uam-

285 1499 411 1562 cunque
428 1497 564 1554 causam,
588 1473 675 1560 quod
699 1473 858 1540 humiliter
874 1485 983 1561 postea
1000 1475 1125 1560 petitur,
1148 1493 1326 1625 negaretur.
1365 1477 1411 1542 Ex
1434 1413 1558 1543 ediebat

286 1562 373 1626 eninr
393 1560 563 1626 litteratum
585 1571 617 1626 et
639 1583 769 1645 gravem
812 1561 954 1626 resertim
978 1559 1037 1624 hiis
1059 1561 1198 1646 tempori
1220 1584 1256 1626 us
1274 1563 1396 1647 ejusmo
1421 1563 1430 1626 i
1448 1561 1556 1629 officio

287 1647 448 1734 implicari,
472 1645 601 1734 quando
618 1645 716 1712 multe
740 1657 771 1712 et
787 1583 928 1712 difficiles
952 1669 1044 1712 cause
1068 1669 1103 1712 ac
1120 1647 1215 1712 etiam
1240 1670 1325 1713 nove
1348 1648 1476 1714 hereses
1494 1650 1557 1715 sint

286 1753 396 1800 exorte
414 1751 445 1800 et
459 1735 522 1820 jam
539 1734 703 1798 immineat
719 1732 867 1833 generale
884 1731 1066 1814 concilium,
1083 1735 1114 1798 in
1131 1756 1195 1820 quo
1212 1755 1271 1820 pro
1288 1733 1408 1800 ordinis
1431 1735 1557 1802 honore

286 1833 318 1888 et
340 1821 495 1887 tutamine
518 1821 576 1885 viri
599 1820 752 1905 sapientie
775 1821 885 1906 spiritu
909 1817 1049 1886 illustrati
1073 1817 1248 1885 admodum
1272 1823 1452 1903 necessarii,
1477 1824 1558 1889 sicut

286 1906 433 1988 creditur,
458 1905 664 1972 habebuntur.

393 2081 448 2134 Fol.
471 2079 537 2133 t6v.
576 2079 631 2132 Das
655 2079 763 2145 (zweite
789 2078 907 2150 Lyoner)
931 2078 1039 2144 llonzil,
1066 2079 1173 2132 worauf
1192 2079 1249 2132 hier
1272 2080 1458 2150 hingewiesen
1483 2081 1558 2148 wird,

285 2167 378 2220 wurde
397 2184 440 2220 am
464 2182 502 2235 31.
523 2166 595 2218 Marz
619 2179 683 2234 1272
703 2164 838 2233 (Potthast
858 2163 904 2218 Nr.
919 2166 1016 2232 20525l
1035 2173 1120 2218 zuerst
1140 2166 1330 2238 angeltundigt.
1363 2167 1507 2222 Vielleicht
1526 2170 1560 2223 ist

285 2255 373 2308 dieses
392 2254 539 2308 Schreiben
563 2253 605 2305 die
625 2252 709 2322 Folge
732 2252 806 2304 eines
829 2252 1034 2305 liittschreibens
1059 2251 1106 2306 des
1126 2253 1288 2307 Gewahlten
1316 2273 1350 2308 an
1372 2254 1424 2308 deu
1443 2256 1560 2310 General

286 2361 331 2396 orn
351 2343 425 2396 scine
439 2342 701 2412 Nichtbestatigung.
731 2338 823 2392 Ulrich
835 2339 899 2392 heht
913 2338 985 2392 darin
998 2339 1104 2407 hervor,
1124 2339 1180 2393 dafs
1193 2340 1243 2408 die,
1263 2340 1369 2395 welche
1383 2341 1429 2395 ihu
1442 2359 1561 2414 genauer

287 2433 412 2498 henoten,
431 2431 467 2484 ob
486 2429 532 2484 der
551 2428 754 2500 ungewolmten
774 2427 836 2482 Last
855 2427 896 2480 fin
914 2427 958 2480 ihn
978 2428 1103 2500 bangten‚
1123 2429 1207 2501 quod,
1227 2448 1288 2483 cunr
1307 2439 1387 2484 tenue
1407 2430 1468 2498 hoc,
1488 2431 1560 2503 quod

288 2520 456 2585 circumfero,
476 2534 669 2590 consumpsero
689 2533 797 2588 corpus,
822 2533 876 2570 non
896 2525 982 2570 careat
1002 2516 1174 2585 detrimento,
1199 2519 1243 2589 qui
1267 2517 1365 2572 studuit
1385 2519 1560 2590 pinguescere

289 2610 394 2680 spiritus
414 2617 440 2662 et
460 2607 647 2661 nichilominus
666 2607 692 2659 in
711 2604 790 2658 scolis
810 2604 1004 2676 presidencium
1023 2604 1160 2676 proficiam
1179 2624 1280 2676 parum.

898 2827 950 2897 lb.

395 2956 463 3022 Der
495 2953 741 3040 Ordensgenerctl
754 2950 946 3126 (sollennes)
976 2952 1115 3040 bestritigt
1150 2955 1197 3020 die
1229 2955 1326 3021 Wahl
1357 2955 1407 3022 cles
1436 2955 1560 3024 Lektors

294 3043 400 3110 Ulrich
423 3065 494 3129 zaran
518 3040 706 3126 Prwinrial.
772 3041 881 3130 1272.)

394 3147 547 3232 Magister
563 3143 732 3211 confirmat
747 3143 983 3230 provincialem.
1019 3145 1055 3210 In
1073 3145 1203 3213 Christo
1219 3146 1278 3213 sibi
1294 3147 1461 3215 karissimo
1476 3149 1562 3216 fratri

289 3233 570 3324 Ut(rico),tectori
595 3241 773 3298 conventus
798 3233 1039 3318 Argentinensis
1064 3243 1124 3299 etc.
1172 3234 1256 3301 Cum
1281 3237 1320 3302 sit
1345 3235 1445 3302 homo
1470 3249 1562 3304 natus

288 3325 442 3410 scripture
465 3321 652 3388 testimonio
677 3318 715 3385 ad
746 3317 887 3385 laborem
912 3331 943 3386 et
972 3318 1045 3386 ideo
1069 3321 1198 3388 racione
1222 3321 1360 3390 docente
1389 3321 1562 3392 illuminata

289 3432 345 3497 per
367 3407 464 3474 fidem
489 3408 562 3474 ocio
586 3405 726 3492 relegato
751 3404 800 3470 ille
817 3406 979 3492 invigilare
1004 3404 1115 3473 studiis
1131 3408 1349 3494 compellatur,
1373 3412 1426 3497 qui
1443 3410 1561 3478 fructus

288 3497 410 3583 pariant
448 3493 596 3574 lorios0s‚
620 3491 692 3558 licet
707 3515 766 3558 vos
783 3491 822 3558 ad
840 3493 911 3558 talia
928 3492 1046 3559 hortari
1062 3493 1257 3580 superfluum
1274 3495 1426 3578 videatur,
1450 3497 1562 3586 quibus

290 3607 328 3649 ex
362 3519 503 3670 professe
537 3578 722 3646 obediencie
751 3589 828 3645 voto
859 3603 916 3645 vos
944 3578 1122 3646 voluntarie
1155 3579 1347 3668 subjecistis,
1380 3607 1421 3650 ne
1454 3597 1562 3652 tamen

288 3669 433 3736 fraternis
446 3667 556 3734 deesse
569 3665 750 3733 commodis
762 3684 899 3752 reputer,
916 3665 1027 3754 quibus
1040 3667 1205 3734 intendere
1218 3679 1343 3752 teneor,
1357 3695 1395 3736 ex
1409 3672 1561 3760 imposito

289 3757 386 3823 michi
411 3755 519 3822 officio
544 3754 678 3820 caritatis
702 3763 804 3820 vestre
834 3752 1023 3821 discrecioni
1052 3756 1253 3842 presencium
1277 3759 1465 3826 auctoritate
1493 3781 1562 3847 pre-

288 3845 389 3932 cipio,
423 3855 457 3910 ut
485 3843 640 3930 prioratus
670 3841 869 3928 provincialis
902 3839 1062 3924 officium,
1095 3841 1134 3909 ad
1164 3842 1251 3945 quod
1281 3867 1338 3932 per
1371 3844 1562 3913 electionem

289 3932 476 3998 canonicam
504 3940 684 4016 assumptus
708 3929 781 3995 estis
810 3929 842 3995 in
866 3940 969 3996 vestra
992 3931 1154 4018 provincia
1182 3942 1265 4016 mxta
1289 3934 1391 3999 nostri
1422 3934 1563 4001 instituta

289 4018 409 4086 ordinis
433 4016 637 4098 celebratam,
667 4039 761 4105 quam
786 4015 860 4083 duxi
883 4015 922 4083 ad
946 4017 1197 4105 postulacionem
1224 4017 1416 4106 eligenciurn
1448 4021 1563 4088 confir-

289 4104 449 4187 mandam,
473 4105 628 4192 recipiatis
652 4103 827 4187 humiliter,
853 4103 1001 4172 electioni
1024 4105 1144 4194 prefate
1168 4129 1363 4175 consensum
1387 4120 1453 4176 tam
1478 4108 1563 4176 debi-

289 4206 357 4261 turn
382 4216 477 4282 quam
500 4190 624 4258 facilem
648 4191 886 4279 impendentes,
912 4192 969 4259 hiis
993 4192 1139 4274 tandem,
1163 4195 1242 4260 sicut
1266 4193 1305 4260 de
1329 4194 1421 4262 vobis
1445 4198 1563 4264 iustum

291 4292 338 4348 est
361 4279 489 4346 credere
512 4289 543 4345 et
571 4279 704 4360 sentire,
734 4279 877 4367 pervigili
901 4279 1112 4346 sollicitudine
1135 4279 1312 4348 secundum
1336 4281 1441 4349 datam
1472 4283 1563 4351 vobis

291 4369 427 4456 graciam
451 4363 663 4447 intendentes,
688 4377 722 4432 ut
737 4389 811 4432 cum
828 4367 1113 4454 circumspectione
1137 4366 1268 4456 provida
1285 4368 1430 4438 edificare
1454 4370 1564 4440 fratres

292 4460 397 4522 vestro
421 4455 613 4606 gprpmissos
637 4454 785 4541 regimini
801 4453 924 4520 valeant
947 4471 977 4520 et
1001 4453 1040 4521 ad
1064 4453 1246 4522 ulteriorem
1270 4458 1409 4545 graciam
1433 4481 1564 4547 promo-

293 4565 375 4608 vere.
453 4558 542 4606 aete.

399 4714 454 4767 Fol.
476 4731 515 4767 11.
553 4715 583 4766 ln
603 4715 692 4766 einem
712 4714 825 4766 arveiten
845 4712 985 4766 olfrziellen
1006 4713 1150 4768 Schreiben
1174 4715 1259 4769 ertellt
1279 4715 1327 4770 der
1346 4715 1563 4788 Ortlensgeneral

292 4803 336 4854 die
356 4802 542 4872 Bestitigung3
562 4805 587 4855 in
608 4802 695 4855 einem
715 4800 811 4854 dritten
830 4817 863 4854 an
883 4799 980 4854 andere
999 4799 1055 4854 teilt
1076 4817 1104 4854 er
1124 4799 1226 4872 freudig
1245 4800 1288 4855 die
1307 4802 1483 4874 Bestr'itigung
1503 4805 1563 4856 mit:

294 4905 374 4959 quem
393 4897 499 4960 propter
518 4891 666 4959 graciarum
685 4887 870 4958 multiplicium
889 4887 965 4941 dotes
985 4888 1122 4958 cognitum
1143 4888 1229 4942 habeo
1243 4897 1269 4942 et
1288 4887 1422 4944 dilectum.
1453 4890 1508 4945 Fol.
1525 4907 1564 4960 ¹7·
