3828 5590
299 589 323 660 J.
347 604 494 658 1273-75.
890 590 985 644 Briefe.
1530 576 1572 658 89

299 746 347 812 der
365 745 531 815 Nacbiolger
549 746 659 800 lludolis
678 755 774 816 gesagt
794 746 910 802 werden.
940 748 980 799 lm
999 747 1154 802 Clrronicon
1172 747 1219 800 des
1238 747 1312 802 Mon.
1332 747 1507 802 Firrstenielcl.
1529 747 1573 802 bei

303 831 433 898 Bonnam,
461 831 558 885 Fontes
577 832 600 898 l,
629 848 639 900 3
662 831 740 885 beisst
762 849 803 886 es:
828 833 891 886 Mos
912 833 983 885 enirn
1010 832 1122 887 colonus
1146 834 1255 886 resumit
1281 842 1409 899 aratrum,
1433 833 1505 904 quod
1528 832 1572 887 diu

300 920 423 972 ociosum
444 928 605 974 remanserat
625 928 651 973 et
669 918 832 990 neglectum.
871 919 978 973 Ebenso
997 937 1094 990 passen
1112 920 1155 974 die
1173 919 1273 974 andern
1286 919 1418 992 Angaben
1437 920 1502 974 tiber
1520 919 1572 974 den

302 1006 423 1060 Verlrclir
441 1008 488 1060 mit
507 1007 569 1060 dem
589 1006 819 1076 Ordensgeneral,
843 1007 885 1060 die
904 1007 1219 1078 Kreuzzugsvorschlige
1238 1025 1282 1060 am
1301 1007 1395 1061 besten
1413 1026 1445 1061 zu
1463 1007 1569 1062 Rudolf.

302 1097 345 1147 rin
364 1111 425 1148 wen
445 1094 491 1148 das
504 1095 648 1148 Scbreiben
666 1095 797 1165 gericlrtet
817 1095 858 1160 ist,
878 1093 938 1148 laisst
957 1096 1014 1149 siclr
1033 1095 1140 1149 schwer
1158 1095 1314 1150 scststellen.
1343 1097 1399 1148 Aus
1418 1095 1465 1148 der
1477 1093 1572 1150 Stelle:

302 1181 386 1244 Quod
399 1199 458 1236 esse
471 1182 520 1236 sibi
538 1183 658 1253 poteritis
677 1199 767 1236 currus
781 1191 807 1235 et
827 1183 917 1252 auriga
930 1181 963 1235 ad
977 1182 1113 1254 imperiale
1132 1183 1266 1253 fastigium
1280 1181 1407 1249 tendenti,
1426 1182 1496 1236 muss
1510 1199 1573 1236 man

302 1269 348 1323 :rui
365 1269 473 1342 grossen
493 1269 602 1324 Einfluss
621 1269 668 1324 der
686 1269 848 1323 Adressaten
868 1269 1019 1323 schliessen.

911 1451 961 1522 tt).

408 1575 534 1664 Bischos
546 1574 675 1642 Kourud
688 1597 746 1662 epu
766 1573 948 1664 Strassburg
965 1573 1047 1640 tina
1063 1575 1120 1640 deu
1134 1573 1380 1662 Ordrnsgenernl
1392 1573 1571 1664 (lohannes)

302 1687 354 1728 um
373 1663 603 1751 Genchmigung
625 1663 675 1728 des
696 1662 857 1728 Ubertritts
879 1664 976 1727 seina·
993 1662 1104 1728 Nichte
1126 1685 1185 1728 von
1202 1662 1253 1728 Kl.
1271 1663 1472 1750 Klingenthul
1495 1663 1573 1728 nach

302 1750 368 1814 clem
392 1749 445 1815 Kl.
472 1751 515 1816 St.
541 1750 639 1816 Marx
661 1749 709 1815 bei
732 1748 923 1837 Sirosslnrrg.
972 1747 1049 1835 (127
1052 1769 1069 1833 5
1084 1749 1230 1839 -1277.)

407 1853 570 1940 Religioso
608 1855 677 1919 viro
710 1864 741 1920 et
769 1852 906 1919 discreto
941 1905 947 1918 .
979 1905 985 1918 .
1020 1854 1172 1940 magistro
1216 1850 1337 1919 ordinis
1373 1852 1573 1940 C(onradus)

303 1941 363 2006 Dei
395 1942 492 2026 gratia
525 1942 632 2027 cpisco
656 1965 692 2006 us
722 1941 965 2026 Argentinensis
994 1963 1067 2007 cum
1101 1938 1427 2006 recommendacionc
1457 1937 1572 2007 devota

303 2038 440 2114 paratam
468 2027 507 2093 ad
531 1963 760 2114 beneplircitum
790 2025 997 2092 voluntatem.
1044 2026 1184 2113 Neptem
1216 2025 1368 2092 babemus
1396 2049 1435 2092 ex
1462 2049 1573 2092 sorore

303 2115 333 2178 in
359 2112 494 2179 claustro
511 2112 808 2201 Clingental(ensi),
833 2112 1010 2178 basiliensis
1034 2111 1186 2194 diocesiS,
1210 2110 1292 2213 apud
1315 2135 1443 2178 sorores
1466 2123 1573 2178 vestro

303 2198 405 2265 ordini
423 2201 689 2286 incorporationis
706 2199 796 2266 titulo
814 2199 1027 2284 consignatas,
1047 2222 1141 2287 quam
1158 2197 1250 2264 nobrs
1266 2198 1473 2280 karissimam,
1494 2199 1574 2264 sicut

303 2298 411 2353 natura
428 2285 536 2368 edidit,
561 2288 648 2354 itaet
672 2286 837 2373 spiritualis
860 2287 959 2374 gratia
976 2285 1223 2353 commendavit.
1260 2284 1353 2352 Unde
1377 2287 1459 2352 inter
1481 2284 1574 2352 huius

304 2376 366 2442 vite
390 2373 563 2442 commoda
586 2376 716 2462 pociora
740 2373 802 2440 boc
826 2375 968 2461 superius
992 2373 1234 2454 collocabimus,
1258 2375 1282 2440 si
1307 2371 1346 2439 de
1370 2385 1474 2440 vestra
1497 2395 1574 2440 con-

305 2463 449 2529 cessione
475 2461 567 2528 nobis
595 2461 822 2549 indulgebitur,
851 2460 937 2549 quod
962 2460 1001 2528 de
1030 2461 1182 2543 claustro,
1212 2463 1244 2528 in
1273 2485 1337 2549 quo
1362 2474 1423 2543 est,
1453 2463 1576 2548 Argen—

304 2551 401 2617 tinam
425 2550 625 2617 transferatur
641 2573 789 2617 sororum
806 2551 904 2616 sancti
922 2550 1030 2630 Marci,
1054 2573 1115 2638 que
1131 2573 1165 2616 se
1188 2547 1274 2616 adid
1297 2548 1413 2616 devote
1438 2548 1576 2616 offerunt

307 2649 338 2705 ct
361 2639 499 2719 sincere,
530 2637 666 2739 collegio
690 2636 848 2704 socianda.
897 2639 963 2703 lam
987 2659 1060 2704 ante
1084 2636 1150 2704 dies
1175 2638 1234 2703 bos
1257 2660 1313 2724 per
1335 2637 1476 2724 priorem
1500 2658 1574 2723 pro-

306 2725 472 2792 vincialem
496 2745 694 2812 propositum
719 2737 864 2792 nostrum
889 2726 1041 2812 consequi
1064 2749 1079 2790 s
1103 2723 1281 2804 erabamm,
1305 2736 1353 2791 set
1375 2725 1522 2810 priorissa
1545 2735 1575 2790 et

306 2824 466 2878 conventu
496 2811 637 2897 predicto
662 2811 911 2897 Clingcnralensi
934 2747 1158 2890 renitentibus,
1189 2829 1222 2875 ut
1246 2809 1390 2889 decebat,
1419 2808 1574 2895 prolicere

306 2899 438 2963 minime
453 2910 645 2983 poteramus.
685 2899 826 2964 Forsitan
844 2898 930 2963 enim
947 2895 1128 2984 cogitabant
1143 2897 1308 2963 honestius
1325 2895 1403 2977 lore,
1427 2897 1453 2961 si
1469 2913 1574 2963 vestre

304 2985 497 3051 auctoritatis
537 2996 661 3052 arerent
677 2984 813 3065 nutibus,
837 3008 931 3072 quam
951 2985 1186 3072 acquiescerent
1210 2981 1428 3050 coactionibus
1452 3001 1576 3050 cetero-

304 3095 385 3138 rum.
432 3007 535 3152 Quol
557 3083 587 3138 et
611 3095 670 3138 nos
694 3095 752 3159 pro
777 3073 887 3138 omine
910 3072 1098 3158 suscipimus
1123 3091 1153 3138 et
1183 3069 1223 3138 ad
1246 3082 1349 3138 vestre
1372 3071 1575 3158 benignitatis

305 3161 408 3226 sinum
433 3159 501 3225 vela
532 3161 748 3226 convertimus
779 3160 845 3225 sei
875 3170 998 3240 nostre,
1030 3157 1121 3225 nobis
1150 3155 1323 3247 predictam
1352 3157 1417 3225 dari
1446 3169 1576 3245 neptem

305 3245 463 3314 humiliter
486 3246 691 3335 postulantes,
714 3271 778 3336 quo
819 3245 900 3313 baud
924 3245 1053 3312 dubium
1072 3247 1192 3314 cunctis
1216 3246 1416 3313 monasteriis
1434 3244 1574 3312 eiusdem

305 3333 423 3402 ordinis
448 3335 479 3401 in
504 3347 611 3403 nostra
635 3334 753 3402 diocesi
778 3335 957 3402 constitutis
974 3333 1086 3401 cedere
1109 3335 1226 3422 poterit
1249 3332 1286 3401 ad
1312 3332 1523 3402 commodum
1546 3346 1577 3400 et

305 3423 495 3511 perfectum,
525 3447 599 3490 cum
623 3435 783 3512 tamquam
808 3445 949 3525 appenso
974 3441 1046 3489 ante
1070 3420 1182 3490 oculos
1205 3424 1409 3489 monimento
1432 3423 1577 3510 germani

305 3510 397 3577 nobis
425 3513 586 3598 sanguinis
614 3513 748 3598 pignore
777 3510 905 3597 obligati
929 3523 1016 3596 grata
1045 3509 1206 3576 solvemus
1230 3509 1383 3576 beneficia
1412 3521 1573 3598 tamquam

306 3622 344 3664 ex
368 3596 491 3680 debito,
519 3597 717 3686 adquorum
747 3599 974 3685 prestationem
1004 3609 1165 3684 tamquam
1196 3622 1234 3663 ex
1257 3598 1394 3684 gratuito
1424 3596 1576 3664 hactenus

305 3707 529 3771 provocamur.

411 3877 467 3931 Fol.
490 3889 575 3947 133v.
614 3877 722 3930 lionrad
741 3878 855 3948 regierte
882 3895 935 3930 von
963 3891 1144 3948 1273-1299.
1189 3876 1279 3946 Obige
1305 3875 1453 3945 Daticrung
1479 3891 1576 3945 svegen

304 3965 352 4018 cler
371 3966 593 4036 Regierungszeit
613 3964 726 4019 Ulrichs

918 4164 962 4234 (il.

412 4291 573 4356 Hermann
598 4288 670 4377 (von
693 4291 835 4378 Minden)
860 4289 978 4376 bellagt
1008 4293 1039 4354 in
1063 4292 1157 4354 eirrerrr
1183 4290 1286 4376 Briese
1315 4310 1356 4353 nu
1380 4288 1428 4352 die
1451 4289 1577 4353 Prioren

306 4401 364 4444 vau
388 4378 511 4464 Leipzig
534 4379 598 4442 und
621 4379 732 4465 Erfurt
754 4379 811 4442 alen
843 4376 907 4442 Tod
928 4377 979 4442 des
1002 4376 1137 4442 Brnderr
1161 4376 1300 4442 Dictriclr
1323 4397 1382 4440 von
1400 4373 1576 4461 Kirclrberg.

309 4462 415 4549 (Nuch
441 4483 520 4549 ¹27}
547 4463 822 4554 urrdvor1286.)

413 4585 571 4652 Prioribus
594 4587 738 4673 Lipzensi
763 4605 793 4651 et
818 4583 1010 4650 Erlordensi.
1051 4583 1210 4650 l’lauctiva
1232 4582 1334 4648 littera
1356 4604 1450 4668 super
1473 4592 1578 4647 morte

309 4672 409 4738 i'ratris
443 4670 640 4761 Tlr(iderici)
677 4671 716 4739 de
749 4671 943 4759 Kircbpercb
979 4669 1079 4736 [ratris
1112 4669 1298 4736 Hermanni.
1357 4669 1481 4735 Rumor
1512 4685 1577 4733 tam

310 4758 441 4826 infestus
464 4783 558 4848 quam
586 4759 738 4826 infaustus
762 4758 802 4826 de
833 4760 964 4825 transitu
989 4757 1050 4824 cari
1081 4757 1181 4823 nostri
1205 4756 1292 4844 gravi
1315 4753 1402 4820 mole
1433 4753 1579 4822 molestie

309 4869 361 4912 me
386 4848 557 4934 oppressit,
590 4849 677 4914 cuius
708 4847 805 4913 satum
835 4845 942 4932 fatigat
971 4845 1127 4925 animam,
1157 4843 1255 4910 letum
1283 4841 1419 4909 leticiam
1450 4840 1580 4928 subripit
