3828 5590
357 593 399 657 90
941 585 1015 640 Brief
1030 628 1036 640 .
1429 588 1451 657 J.
1474 586 1619 656 1273-86.
1652 615 1654 619 ,

357 757 389 812 et
411 767 515 824 mors,
542 743 618 811 dum
642 741 747 810 rabida
770 764 914 809 morsum
938 741 1022 828 figit,
1051 743 1149 809 totius
1178 740 1336 808 tnodestie
1364 740 1498 808 modum
1527 742 1622 829 pellit.

357 835 386 896 A
404 853 465 911 aa,
489 830 620 896 domine
637 828 724 907 deus,
749 830 868 910 nescio,
892 851 957 916 quo
980 827 1049 893 zelo
1066 849 1157 914 perse
1181 849 1245 908 uar,
1269 850 1334 916 quo
1353 827 1460 893 furore
1476 827 1623 910 detester,

357 939 418 1005 qua
441 915 623 984 crudelitate
649 914 819 1002 percellam
849 913 933 981 illam
956 925 1136 995 cruentam,
1201 931 1324 980 nestam
1352 926 1383 980 et
1413 913 1623 981 insaciabilem

356 1003 486 1070 humani
520 1003 646 1089 generis
681 1002 860 1081 inimicam,
898 1023 959 1088 que
1002 999 1134 1066 dilatatis
1174 999 1275 1088 abque
1313 1001 1452 1066 termino
1487 999 1625 1066 faucibus

357 1100 461 1155 totum
477 1090 541 1155 vite
564 1099 673 1154 nostre
697 1099 804 1154 nectar
826 1085 996 1166 absorbuit,
1019 1085 1134 1152 florem
1151 1085 1190 1152 de
1213 1087 1368 1172 germine,
1391 1109 1447 1152 ver
1467 1085 1505 1151 ab
1528 1109 1624 1166 anno,

357 1174 459 1239 solem
483 1172 523 1239 de
546 1170 680 1252 mund0,
704 1194 760 1237 cor
782 1170 822 1238 de
845 1172 942 1237 corde
962 1173 1085 1257 carpsit,
1108 1171 1188 1251 tulit,
1212 1171 1335 1237 sustulit
1359 1184 1390 1237 et
1414 1172 1525 1238 evulsit
1550 1225 1557 1236 .
1583 1223 1590 1237 .
1617 1224 1623 1236 .

357 1259 538 1326 Fundamus
554 1256 711 1338 libamina,
733 1280 773 1323 ne
789 1256 871 1323 forte
887 1258 974 1344 quasi
990 1279 1046 1343 per
1062 1259 1170 1342 ignem
1187 1257 1413 1323 detrimentum
1434 1258 1574 1344 accipiat.
1592 1309 1599 1323 .
1618 1309 1624 1323 .

357 1343 408 1412 Ad
447 1367 486 1411 ue
502 1343 669 1432 prestanda
685 1343 910 1428 obligatiorem
928 1365 981 1409 me
997 1343 1109 1409 ceteris
1125 1365 1337 1429 recognosco,
1361 1344 1411 1409 cui
1427 1345 1506 1410 sicut
1523 1354 1626 1410 vestre

357 1367 549 1499 testabantur
571 1430 689 1512 littere,
720 1431 801 1496 inter
828 1431 945 1516 agonie
973 1427 1105 1496 sudores
1129 1441 1160 1497 et
1194 1452 1382 1517 suppremos
1405 1429 1495 1496 alitus
1523 1431 1626 1516 rigen-

357 1517 439 1586 tibus
464 1517 614 1600 menbris,
639 1515 811 1584 calentibus
833 1517 884 1584 vix
907 1515 1080 1603 precordiis
1104 1518 1152 1584 sui
1175 1518 1365 1583 memoriam
1389 1516 1554 1604 delegavit.
1589 1518 1627 1584 Et

357 1628 466 1675 revera
489 1607 515 1672 si
538 1607 600 1691 vita
624 1607 682 1673 hec
706 1606 819 1671 misera
842 1606 970 1692 pauperi
993 1616 1198 1692 prorogatur,
1222 1602 1406 1687 ostendam,
1437 1604 1524 1694 quod
1547 1603 1626 1672 fides

358 1693 464 1776 firma,
498 1693 625 1761 dilectio
649 1692 798 1774 radicata,
826 1694 940 1760 veritas
971 1691 1102 1760 solidata
1126 1694 1238 1759 mortis
1261 1692 1406 1774 stimulo,
1434 1695 1498 1761 vite
1527 1705 1627 1761 exter-

359 1783 475 1863 mini0,
507 1782 650 1868 corporis
683 1779 807 1846 excidio
840 1801 906 1846 non
937 1779 1094 1866 peribunt.
1142 1779 1310 1861 Ceterum,
1340 1792 1494 1868 quantum
1522 1782 1626 1868 ipsum

357 1868 557 1956 provincialis
573 1867 714 1934 dilexerit
734 1879 930 1955 quantusque
948 1866 1040 1933 dolor
1055 1889 1114 1954 pro
1131 1867 1197 1934 eius
1220 1869 1351 1934 transitu
1367 1868 1471 1955 ipsum
1489 1871 1626 1949 torserit,

358 1978 421 2021 vox
437 1966 580 2044 quassata
596 1955 746 2041 suspiriis,
770 1973 949 2041 exasperata
965 1953 1109 2042 querelis,
1130 1955 1279 2021 comitata
1294 1954 1429 2020 lacrimis
1445 1953 1625 2021 testabatur.

359 2042 514 2129 Proponit
543 2063 670 2130 quoque
703 2059 761 2106 etc.
811 2040 920 2128 ltaque
950 2041 1031 2106 hanc
1062 2041 1225 2107 materiam
1257 2039 1369 2106 odiens
1402 2053 1434 2107 et
1464 2039 1626 2107 fastidiens

358 2150 496 2213 pennam
519 2149 625 2214 pono,
654 2149 720 2192 non
745 2126 818 2192 colo
842 2126 1037 2206 thalamum,
1066 2127 1199 2193 restituo
1222 2127 1328 2192 stilum
1356 2126 1456 2193 stallo.
1502 2127 1625 2195 Valete.

465 2298 520 2352 Fol.
533 2314 575 2370 90.
603 2298 635 2352 T.
649 2298 682 2350 de
695 2297 845 2368 Kirchperg
857 2297 924 2351 wird
943 2298 1015 2350 noch
1028 2299 1054 2350 in
1069 2299 1142 2351 einer
1154 2297 1304 2368 Rechnung
1316 2314 1370 2350 von
1382 2297 1541 2368 (ungeft'hr)
1558 2313 1623 2366 1273

359 2385 489 2440 erwahnt.
518 2386 553 2439 Es
573 2385 665 2456 folgen
684 2402 738 2439 von
756 2385 868 2440 auderet
886 2385 963 2439 Hand
982 2385 1053 2438 noch
1072 2385 1127 2439 drei
1140 2384 1305 2439 Trostbriefe
1323 2402 1422 2456 wegen
1441 2386 1627 2439 verstorbener

358 2473 465 2527 Britder.
496 2473 537 2526 lm
556 2474 669 2527 zweiten
688 2474 721 2527 ist
741 2489 769 2526 es
789 2473 831 2526 ein
852 2472 962 2538 Lelxtor3
982 2475 1018 2525 im
1037 2472 1133 2526 dritten
1152 2472 1219 2526 wird
1238 2473 1418 2526 ansclreinend
1437 2474 1496 2526 eine
1514 2473 1624 2526 hervor-

358 2560 475 2631 ragende
494 2561 703 2614 Personlichleit
722 2561 807 2628 (einer
830 2559 877 2614 det
900 2561 926 2613 in
945 2561 997 2613 den
1021 2560 1151 2630 siebziger
1174 2559 1272 2631 Jahren
1296 2559 1487 2612 verstorbenen
1507 2558 1625 2613 Ordens-

358 2647 514 2718 generalel)
533 2647 702 2717 geschildert,
723 2647 765 2700 die
785 2648 809 2700 in
830 2647 876 2700 der
895 2647 1007 2700 Rasilika
1026 2647 1073 2699 des
1093 2647 1118 2702 Ιι.
1138 2647 1258 2700 Andreas
1278 2647 1412 2716 begraben
1432 2647 1473 2701 ist.

968 2853 1016 2921 tt.

464 2975 532 3040 Der
542 2975 631 3040 Prior
643 2997 702 3040 aon
712 2974 906 3127 Mcqtdebttrg
921 2975 1005 3040 bitttt
1021 2974 1065 3039 Er
1083 2974 1202 3062 bisalos
1214 2973 1394 3064 (Giselbert)
1410 2998 1468 3040 von
1485 2975 1624 3054 Bremen,

358 3084 416 3127 von
438 3063 548 3127 seinem
577 3061 736 3154 thtclzp
781 3062 832 3149 ass
854 3061 908 3127 dtr
930 3062 1051 3127 Bruder
1100 3061 1204 3148 udwt'g
1227 3062 1305 3127 nach
1327 3061 1456 3128 Bremen
1478 3061 1626 3149 geschickt

358 3149 468 3229 werde,
492 3169 549 3215 aas
571 3149 627 3214 den
650 3149 858 3237 angagebenen
883 3148 1031 3216 Grrinden
1054 3147 1242 3235 abanstehen.
1290 3146 1397 3236 (Nach
1423 3149 1533 3241 1275.)

465 3252 714 3407 Archiepiscopo
731 3253 894 3322 Bremensi
917 3255 1003 3344 prior
1027 3252 1320 3342 Magdeburgensis.
1357 3255 1485 3322 Noticia
1508 3252 1625 3322 diutur-

333 3425 336 3431 .
360 3343 432 3408 nior
455 3353 486 3408 et
509 3340 698 3409 familaritas
715 3341 849 3431 amplior
872 3365 907 3410 ac
934 3341 1060 3410 dilectio
1084 3344 1186 3409 maior
1209 3365 1261 3410 me
1285 3341 1323 3410 ad
1339 3355 1442 3410 vestre
1467 3341 1626 3430 dignitatis

359 3429 530 3516 penetralia
544 3428 669 3496 liberius
686 3430 901 3512 introducunt,
922 3431 964 3497 ita
980 3449 1013 3498 ut
1029 3428 1182 3497 fidencius
1198 3429 1288 3497 vobis
1305 3453 1466 3518 exponere
1483 3428 1626 3511 audeam,

359 3539 420 3603 que
435 3535 539 3582 vestre
556 3516 796 3602 magnificencie
812 3517 907 3584 decus
929 3529 1064 3604 augeant
1080 3530 1112 3584 et
1127 3516 1288 3584 decorem.
1327 3517 1469 3584 Intellexi
1486 3515 1626 3606 quidem,
1720 3569 1725 3576 .

359 3601 446 3688 quod
462 3624 520 3688 pro
544 3601 637 3668 fratre
653 3603 828 3669 Lodewico
853 3603 1011 3669 mittendo
1028 3605 1059 3667 in
1076 3604 1231 3669 Bremam
1245 3627 1354 3689 preces
1371 3603 1506 3670 multum
1550 3605 1628 3669 orri-

359 3688 432 3774 gitls
455 3685 616 3766 efficaces,
640 3710 715 3774 quas
739 3711 805 3753 non
829 3688 995 3754 admittere
1018 3712 1112 3772 grave
1136 3701 1184 3754 est
1207 3701 1335 3774 propter
1358 3702 1462 3756 vestre
1485 3627 1627 3774 indgna-

359 3773 456 3838 tionis
485 3771 708 3854 formidinem,
739 3772 906 3840 admittere
930 3796 1007 3838 vero
1032 3774 1131 3840 multo
1161 3777 1287 3860 gravius
1314 3787 1444 3860 propter
1472 3775 1626 3860 legitimas

361 3881 479 3940 causas,
502 3882 578 3947 quas
601 3859 753 3926 libencius
777 3862 888 3927 vestris
911 3860 1035 3926 auribus
1059 3883 1152 3948 quam
1176 3861 1279 3928 littere
1305 3861 1576 3942 commendarem,
1601 3865 1626 3927 sl

360 3969 412 4013 me
434 3945 526 4014 vobis
549 3944 736 4014 reddidisset
763 3947 825 4013 loci
849 3946 1075 4034 compendium
1107 3950 1316 4034 propriorem.
1364 3947 1492 4015 Credite
1520 3960 1624 4014 autem

360 4035 392 4098 in
408 4034 538 4100 veritate
584 4033 688 4099 allium
705 4033 755 4100 vel
779 4033 898 4134 paleam
924 4058 990 4099 non
1012 4033 1156 4114 habente,
1180 4033 1267 4120 quod
1284 4033 1365 4100 ordo
1390 4057 1481 4120 prom
1505 4035 1626 4100 tissime

359 4120 470 4186 vestris
494 4056 620 4186 nutibus
643 4119 751 4186 obedit
780 4143 812 4185 tn
836 4121 974 4205 magnis,
1007 4143 1068 4206 que
1091 4119 1130 4186 ad
1158 4122 1253 4186 vestri
1278 4121 1410 4186 honoris
1439 4057 1552 4187 cedent
1580 4122 1638 4206 in-v

360 4225 570 4287 crementum,
601 4206 673 4272 licet
696 4205 912 4273 difficultatem
943 4229 1114 4287 excausa,
1148 4229 1225 4294 que,
1258 4209 1283 4273 si
1307 4205 1397 4273 vobis
1429 4219 1505 4274 nota
1533 4221 1626 4288 esset,

359 4291 518 4361 videretur
549 4291 725 4375 sufficiens,
757 4292 847 4360 faciat
877 4295 908 4359 in
939 4294 1001 4358 hoc
1032 4315 1139 4380 parvo.
1187 4294 1281 4380 Rogo
1314 4295 1409 4379 igitur
1441 4307 1473 4362 et
1504 4294 1626 4375 hortor,

359 4391 512 4534 quantum
540 4379 643 4448 audeo
667 4393 698 4448 et
726 4404 877 4470 possum,
908 4393 1062 4468 quatenus
1089 4380 1126 4448 ab
1150 4381 1208 4447 hac
1231 4383 1390 4469 peticione
1414 4393 1446 4449 et
1474 4380 1627 4449 similibus

382 4468 523 4534 esistatia
548 4467 580 4533 Si
593 4470 678 4535 enim
690 4471 802 4536 vestris
818 4491 969 4556 pauperes
981 4467 1125 4555 precibus
1141 4468 1322 4536 huiusmodi
1335 4468 1448 4536 cedere
1459 4471 1627 4557 cogeretis,

359 4555 418 4641 ipsi
441 4553 526 4622 fratri
550 4554 761 4644 L(odewico)
786 4579 853 4623 non
876 4557 1058 4643 proveniret
1089 4555 1128 4624 ad
1151 4556 1360 4624 commodum
1386 4569 1418 4624 et
1441 4557 1479 4624 ad
1526 4580 1626 4638 acem,

359 4641 446 4730 quod
477 4664 544 4708 non
572 4665 743 4729 possumus
772 4645 957 4724 immutare,
1014 4644 1079 4725 uia,
1111 4664 1145 4710 ut
1173 4643 1352 4711 familiarius
1382 4644 1473 4711 vobis
1501 4581 1627 4733 lbquor,

359 4751 453 4829 super
469 4730 531 4796 hoc
548 4732 776 4796 constitutione
792 4729 927 4817 quadam
943 4667 1033 4798 valde
1049 4753 1157 4798 severa
1173 4733 1269 4797 utitur
1285 4729 1366 4796 ordo
1383 4742 1504 4811 noster,
1529 4731 1626 4818 quod,

359 4837 537 4902 quicunque
572 4814 665 4882 frater
700 4814 816 4883 directe
852 4817 901 4882 vel
940 4815 1091 4882 indirecte
1126 4818 1169 4882 sic
1204 4840 1239 4883 se
1278 4818 1358 4882 mitti
1402 4819 1627 4902 procuraverit,
