3822 5592
311 599 333 669 J.
357 601 431 670 1289.
896 596 969 650 uriel
985 639 990 650 .
1391 556 1394 562 Ι
1517 600 1576 666 127

313 755 523 842 proferuntur.
572 752 756 822 Redduntur
787 777 859 820 curn
889 756 1122 855 supererogatis
1153 752 1270 835 debita,
1304 778 1373 820 sors
1404 757 1518 842 pariter
1547 768 1578 821 et

314 865 416 908 usure.
464 842 496 906 O
520 852 672 928 quantum
703 839 765 904 lroc
794 839 900 906 multis
929 841 1047 906 invexit
1070 839 1237 927 gaudium!
1284 841 1367 905 Nam
1392 841 1498 922 emuli,
1526 843 1578 928 qui

314 929 413 1014 capita
440 950 495 994 sua
522 944 702 1005 moverant,
733 924 890 992 dicentes:
923 927 1103 1007 Exinauite,
1135 927 1308 992 exinanite!
1340 925 1377 992 ab
1406 926 1459 992 illo
1487 939 1578 992 motu

314 1014 473 1101 paralitico
501 1031 573 1080 sunt
602 1013 709 1092 curati,
738 1025 769 1079 et
797 1014 850 1100 qui
880 1013 994 1080 strictis
1023 1011 1109 1080 labiis
1136 1013 1350 1094 sibilaverunt,
1379 1037 1459 1080 voce
1487 1013 1579 1100 plena

315 1100 550 1189 providenciam
575 1101 635 1166 Dei
659 1099 804 1166 clamant.
851 1100 887 1165 In
918 1100 979 1166 lroc
1003 1123 1152 1166 succursu
1180 1102 1301 1187 priores
1326 1113 1357 1167 et
1384 1100 1518 1167 lectores
1549 1112 1579 1166 et

315 1189 423 1256 fratres
439 1187 612 1254 Basilenses
629 1199 659 1254 et
676 1186 908 1275 Vriburgenses
933 1188 1139 1276 prirnipilares
1156 1200 1187 1254 et
1209 1189 1378 1276 primicerii
1399 1189 1578 1270 extiterunt,

315 1301 466 1366 pauperes
478 1275 663 1365 pauperibus
680 1277 863 1357 servientes,
881 1299 961 1364 opus
978 1275 1194 1362 misericordie
1207 1277 1330 1343 miseris
1347 1276 1578 1365 impendentes.

314 1364 456 1432 Laudent
480 1389 536 1431 eos
559 1366 592 1430 iu
615 1365 713 1452 portis
738 1365 878 1450 ipsorum
904 1364 1069 1450 stipendia,
1101 1366 1153 1452 qui
1182 1363 1300 1516 palmas
1323 1364 1362 1431 ad
1391 1367 1503 1451 inopes
1528 1389 1579 1430 ex-

314 1452 493 1532 tenderunt,
517 1453 570 1540 qui
593 1453 717 1538 pietatis
734 1451 875 1537 exempla
900 1474 954 1537 per
977 1451 1105 1533 lrostias,
1130 1454 1241 1540 quius
1265 1471 1464 1538 promeretur
1480 1453 1579 1532 Deus,

314 1541 449 1627 posteris
477 1539 678 1628 reliquerunt.
725 1539 853 1605 Factum
884 1550 930 1605 est
961 1539 1038 1620 lroc,
1070 1539 1107 1605 ad
1136 1539 1194 1605 alia
1244 1539 1419 1606 rocedatur.
1466 1538 1579 1606 Adhuc

316 1628 435 1694 calamo
465 1625 565 1693 scribe
589 1626 740 1692 velociter
770 1625 979 1692 discurrente!
1026 1627 1132 1692 Ftater
1156 1563 1346 1694 Willielmus
1376 1625 1414 1693 de
1438 1627 1579 1694 Treviris

315 1714 498 1801 ingreditur,
530 1725 561 1780 et
588 1715 659 1801 quia
686 1712 772 1778 solus
804 1715 890 1801 quasi
921 1713 1105 1799 apparebat,
1134 1713 1211 1780 boni
1240 1716 1347 1780 nuncii
1376 1738 1474 1780 omen
1505 1725 1579 1780 erat.

315 1800 432 1867 Retulit
459 1801 543 1866 enim
570 1799 608 1864 de
632 1822 779 1865 successu
804 1823 895 1866 cause
920 1801 951 1864 in
978 1801 1154 1866 Wormatia
1179 1812 1301 1886 optato,
1324 1803 1405 1868 sicut
1426 1803 1488 1868 litis
1512 1799 1579 1866 fieri

315 1899 437 1975 poterat
466 1889 549 1952 iuxta
573 1909 710 1952 cursum.
758 1887 879 1952 Contra
907 1885 1044 1952 libellum
1071 1899 1102 1952 et
1130 1889 1317 1973 rescriptum
1342 1900 1509 1974 exceptum
1533 1899 1580 1954 est

315 1973 426 2041 additis
456 1973 638 2054 rationibus,
669 1972 780 2061 quibus
811 1985 939 2060 oportet
966 1997 1024 2039 suo
1055 1985 1200 2060 tempore
1231 1973 1426 2062 responderi.
1479 1975 1580 2040 Porro

314 2064 466 2148 premisse
490 2062 628 2126 rationes
653 2060 751 2126 multe
775 2073 848 2126 sunt
872 2078 902 2125 et
927 2059 1064 2126 mediam
1083 2073 1188 2127 cutem
1213 2073 1379 2148 occupant,
1403 2061 1487 2127 unde
1510 2083 1576 2126 non

315 2150 403 2235 potui
426 2148 572 2229 scribere,
597 2167 643 2213 set
668 2171 739 2213 cum
757 2148 829 2213 Deo
855 2145 948 2214 dante
965 2172 1095 2229 venem,
1120 2172 1247 2214 mecum
1269 2148 1377 2214 feram.
1418 2146 1580 2215 Ordinatis

315 2247 419 2303 autem
452 2247 562 2302 contra
594 2259 650 2301 eos
683 2234 937 2322 replicationibus
966 2235 1053 2323 pellis
1086 2237 1166 2302 sicut
1197 2235 1297 2302 celum
1325 2236 1520 2316 extendetur,
1551 2247 1582 2301 et

316 2327 399 2392 iuxta
422 2324 500 2411 legis
523 2323 676 2390 talionem
700 2322 821 2389 dabitur
845 2321 923 2389 deus
948 2346 1005 2410 pro
1030 2323 1135 2391 dente.
1180 2323 1275 2391 Unde
1299 2326 1451 2411 magistro
1475 2323 1581 2410 legere

316 2413 365 2480 uel
389 2411 493 2479 dicere
524 2413 667 2500 poteritis
696 2435 785 2478 causa
810 2411 928 2492 solacii,
959 2436 1020 2500 qne
1044 2411 1101 2478 sub
1131 2412 1188 2478 hac
1217 2412 1320 2478 forma
1342 2411 1481 2479 videritis
1506 2435 1582 2478 con-

317 2502 418 2567 tineri.
465 2501 560 2567 Mitto
590 2501 741 2566 nuncium
766 2498 804 2566 ad
828 2501 946 2566 curiam
970 2499 1146 2568 secuudum
1171 2499 1337 2568 consilium
1361 2499 1503 2580 fratrum,
1532 2501 1581 2566 cui

319 2602 443 2676 tempus
461 2600 606 2654 occurret
629 2589 660 2654 in
685 2588 857 2668 montibus,
881 2591 913 2654 in
939 2613 1013 2676 qun,
1038 2591 1118 2655 sicut
1141 2589 1241 2654 bomo
1266 2587 1304 2655 ad
1327 2587 1467 2654 laborem
1492 2605 1582 2653 natus

319 2689 376 2757 est,
407 2678 447 2742 ita
472 2676 564 2743 vellet
588 2699 656 2742 esse
679 2678 743 2742 avis
772 2675 810 2742 ad
833 2675 1015 2742 volandum.
1062 2679 1145 2743 Nam
1170 2675 1251 2762 apud
1280 2699 1340 2742 nos
1364 2675 1484 2742 diucius
1515 2699 1582 2741 non

319 2766 429 2850 sparsit
452 2766 532 2829 sicut
556 2765 694 2828 cinerem
719 2762 864 2828 nebulam
891 2775 922 2829 et
952 2765 1059 2829 nivem
1085 2788 1149 2828 non
1174 2763 1280 2830 tribuit
1304 2765 1383 2829 sicut
1408 2763 1510 2828 lanam
1534 2782 1582 2828 set

319 2870 391 2915 sunt
415 2852 502 3002 upves
526 2851 606 2914 sicut
629 2849 791 2934 sepulchra
816 2848 950 2935 desuper
973 2849 1201 2915 ambulantilnts
1226 2849 1365 2916 dealbata
1384 2901 1390 2914 .
1409 2901 1415 2914 .
1435 2902 1441 2914 .
1464 2851 1581 2914 Datum

318 2939 349 3001 in
375 2938 429 3002 Vri
454 2959 520 3022 urg.

425 3111 549 3164 ¹reditus
569 3119 595 3164 et
615 3110 759 3164 ausradiert
772 3111 822 3165 HS.
891 3111 1038 3181 'agendus
1058 3112 1108 3165 HS.
1177 3111 1375 3182 ”aliquodlls
1409 3111 1487 3182 Folgt
1507 3111 1582 3164 [rber-

318 3181 411 3251 tltrssig
430 3197 492 3234 non.
566 3189 576 3218 ⁴
596 3197 768 3234 excussorum
788 3181 840 3234 HS.
914 3188 924 3216 ⁵
943 3183 979 3234 So
998 3182 1048 3236 HS.

423 3357 477 3412 Fol.
501 3359 583 3428 156⁸&
615 3359 671 3412 Der
684 3358 900 3430 Ordensgeneral
915 3359 1007 3411 Murrio
1026 3359 1086 3412 leam
1100 3377 1142 3412 am
1157 3361 1198 3414 28.
1212 3359 1286 3431 april
1303 3361 1369 3432 1289
1382 3359 1450 3412 nach
1464 3357 1582 3412 Kolmar.

318 3446 379 3516 Vgl.
399 3447 460 3500 MG.
481 3447 525 3501 SS.
546 3447 630 3514 XVII,
651 3463 710 3514 215.
748 3447 798 3500 Die
817 3447 915 3500 letzten
935 3448 1012 3501 Sattze
1031 3447 1129 3501 deuteu
1148 3466 1189 3515 an,
1210 3449 1266 3501 dass
1286 3465 1314 3501 es
1334 3448 1405 3501 noch
1419 3447 1523 3500 Winter
1541 3448 1582 3500 ist.

318 3535 359 3588 Da
371 3553 425 3588 nun
438 3536 474 3588 im
489 3536 667 3606 allgemeineu
682 3537 741 3589 eiue
755 3535 982 3606 clrronologische
997 3535 1128 3606 Ordnung
1141 3537 1168 3590 in
1181 3537 1282 3590 diesem
1298 3537 1321 3590 T
1324 3536 1373 3589 eile
1387 3535 1514 3602 herrsclrt,
1530 3534 1583 3588 und

318 3623 359 3675 die
379 3622 505 3693 folgende
525 3624 571 3677 Nr.
590 3625 638 3677 urit
652 3623 766 3676 Februar
785 3623 878 3676 datiert
898 3625 939 3689 ist,
960 3641 991 3676 so
1011 3623 1077 3676 wird
1096 3625 1163 3676 auclr
1184 3623 1355 3693 vorliegeude
1375 3641 1419 3676 um
1439 3623 1511 3675 diese
1529 3623 1583 3675 Zeit

318 3711 475 3763 entstanden
494 3713 558 3765 sein.
591 3713 669 3781 Papst
689 3711 817 3765 Nikolaus
837 3712 881 3765 IV.
902 3713 975 3764 hatte
995 3711 1055 3764 dem
1073 3712 1197 3764 bisclrole
1216 3730 1269 3764 rou
1286 3713 1395 3764 Wornrs
1414 3710 1456 3763 die
1475 3719 1583 3781 strenge

317 3797 526 3867 Durchst'thtung
549 3799 595 3851 der
619 3800 683 3851 saber
708 3799 858 3870 Strassburg
883 3801 1047 3868 verlu'ingten
1072 3799 1175 3852 Strasen
1202 3799 1375 3869 bbertragen;
1402 3798 1455 3868 vgl.
1475 3797 1582 3851 Strassb.

318 3885 372 3937 UB.
392 3886 424 3951 ll,
447 3901 503 3954 150.
541 3887 592 3938 Die
613 3886 812 3939 Prozesssclrrilt
831 3886 878 3940 der
897 3887 1089 3939 Dotuiuilraner
1108 3887 1223 3939 daselbst
1243 3885 1399 3953 (undatiert)
1422 3886 1468 3938 Nr.
1490 3900 1548 3953 155.

916 4072 980 4144 107.

424 4217 603 4302 Provinar'al
627 4215 819 4307 (Hermann)
841 4217 921 4304 gicht
950 4217 1006 4282 den
1031 4217 1277 4283 tanchlcrrnunten
1301 4217 1428 4282 Prioren
1457 4216 1583 4281 Verbal-

320 4304 596 4456 lungsrurprregeln
619 4303 776 4391 berilglich
804 4305 858 4370 der
880 4305 1193 4370 henuuwnnderudcu
1216 4303 1357 4392 Zofinger
1385 4304 1449 4368 rand
1470 4304 1585 4369 Barnea*

320 4391 445 4457 Donum
466 4412 550 4457 atter.
597 4389 698 4479 (1289
723 4392 886 4482 Februar.)

425 4513 595 4581 Ordinatio
611 4514 812 4602 provincialis
828 4513 867 4581 de
888 4514 1031 4581 fratribus
1048 4513 1300 4602 Zouingensibus
1317 4525 1349 4580 et
1364 4511 1584 4579 bernensibus.

321 4600 479 4668 Prioribus
507 4601 683 4684 basiliensi,
713 4603 963 4683 Constantiensi,
992 4602 1194 4683 'l'lruricensi,
1224 4600 1423 4682 Rotwilensi,
1454 4599 1586 4666 Colum·

322 4689 454 4755 bariensi
478 4713 606 4755 necnon
629 4691 751 4755 vicariis
775 4691 905 4757 fratrum
929 4691 1213 4776 Argentinensium
1236 4690 1267 4755 iu
1285 4688 1411 4754 Sletstat
1435 4698 1465 4753 et
1481 4688 1586 4773 Hage-

320 4779 427 4844 uowie
450 4778 500 4844 vel
524 4801 635 4844 eorum
659 4780 743 4845 vices
767 4779 948 4864 gerentibus
972 4777 1182 4864 provincialis.
1223 4775 1358 4842 Assidua
1381 4774 1505 4876 querela
1533 4797 1586 4838 me

321 4867 558 4952 circumstrepit,
586 4865 672 4953 quod
697 4865 805 4932 fratres
831 4867 1048 4953 Zouingeuses
1073 4883 1103 4931 et
1128 4866 1303 4930 Beruenses
1327 4862 1446 4928 ordinis
1471 4863 1585 4927 vexati-
