3828 5590
355 579 396 644 82
941 590 1034 643 Briefe.
1428 590 1450 658 J.
1474 604 1617 657 ι272-77,
1650 629 1651 632 η

356 747 489 834 periodo
513 748 546 811 in
569 758 651 812 terra
674 737 782 811 vestra
799 743 898 830 figere
921 745 1058 810 tentoria
1081 743 1261 808 debeamus.
1294 743 1388 808 Putas
1405 741 1466 828 (i),
1489 741 1619 822 videb03

356 857 386 920 p.
410 832 440 899 d.
464 833 490 898 si
513 853 649 912 venero,
680 833 845 898 invenero.
891 829 1039 896 Latinum
1063 827 1213 909 scribam,
1244 827 1376 894 latinum
1399 827 1519 908 bibam,
1548 850 1620 893 curn

356 919 482 986 Cereris
505 917 568 984 filie
591 915 729 984 libellum
753 915 875 1004 repudii
898 915 1020 982 Baclrus
1044 913 1138 981 dabit.
1217 969 1220 972 .

357 1061 674 1070 *mm-m...

461 1123 517 1178 Fol.
537 1141 578 1195 99.
616 1124 667 1176 Die
686 1123 860 1193 Erwa‘rhnung
882 1121 929 1175 der
948 1121 1092 1174 Kranlrheit
1119 1120 1165 1173 des
1185 1119 1346 1173 Provinzials
1364 1121 1442 1173 weist
1468 1119 1516 1172 auf
1530 1120 1622 1174 Ulriclr
1699 1123 1701 1126 ’

357 1212 410 1277 hin,
429 1226 508 1263 wozu
526 1209 595 1262 auch
613 1208 656 1262 die
671 1207 793 1277 Stellung
811 1207 858 1260 des
877 1207 978 1260 Briefes
999 1205 1078 1278 passt;
1098 1205 1140 1259 die
1158 1221 1243 1276 ganze
1258 1204 1338 1258 Form
1357 1205 1405 1258 auf
1415 1205 1551 1258 Hermann
1569 1221 1622 1258 von

357 1296 479 1362 Minden,
505 1311 559 1348 von
578 1293 640 1347 dern
659 1296 683 1364 ja
703 1292 754 1346 fast
772 1291 823 1346 alle
842 1292 1061 1346 Freundesbriefe
1080 1301 1221 1346 stanrmen.
1258 1292 1294 1343 Zu
1317 1292 1448 1345 beachten
1463 1289 1514 1345 ¹die
1532 1292 1622 1346 Wort·

358 1382 448 1454 spiele,
468 1381 614 1436 besonders
634 1381 671 1434 So
690 1409 724 1419 —
743 1389 802 1434 sato
820 1378 910 1450 gleich
929 1381 967 1432 sic
986 1379 1118 1440 sedemus.

967 1567 1018 1637 50.

465 1694 643 1780 Prwinzial
654 1691 798 1847 putria)
815 1692 909 1759 dankt
924 1693 1069 1759 Alberrus
1076 1690 1249 1846 pMagnvs)
1266 1695 1328 1796 sita·
1349 1695 1429 1759 seina
1452 1692 1626 1759 Teilnahme

360 1785 392 1848 in
419 1785 517 1848 rainer
544 1780 653 1848 Krank
674 1783 713 1847 eit
742 1781 807 1846 und
833 1779 917 1847 birra
943 1781 1006 1861 ibn,
1033 1782 1076 1846 sic
1123 1780 1177 1847 der
1203 1803 1262 1847 von
1289 1803 1384 1847 amem
1412 1780 1551 1868 Bischofe
1577 1779 1625 1846 be·

359 1870 509 1956 drcingten
531 1867 754 1934 Dominilraner
775 1868 993 1954 anaunehmen.
1040 1864 1299 1958 (1272-1277.)

467 1973 589 2039 Gratias
612 1971 707 2039 refert
728 1971 873 2039 infirmus
896 1970 1096 2058 provincialis
1120 1970 1254 2038 domino
1278 1970 1458 2060 Al(berto).
1494 1971 1623 2037 Utinam

360 2059 460 2126 scriba
478 2058 602 2125 deditus
626 2081 729 2124 essem
745 2058 796 2124 vel
817 2057 1037 2145 paterfamilias
1060 2081 1145 2124 nova
1168 2076 1199 2124 et
1214 2077 1320 2124 vetera
1343 2060 1408 2124 suis
1431 2059 1533 2124 sciens
1555 2079 1627 2144 pro-

361 2145 476 2213 ducere
499 2143 538 2211 de
562 2145 725 2226 thesauris,
748 2155 902 2232 quatenus
948 2167 985 2209 ro
1009 2145 1147 2231 pristinis
1164 2156 1195 2210 et
1217 2143 1318 2211 adhuc
1343 2144 1515 2211 calentibus
1533 2141 1628 2210 bene-

360 2231 439 2298 ficiis
462 2253 594 2297 censum
619 2230 793 2297 debitarum
816 2167 1026 2318 repencierem
1049 2231 1239 2318 graciarum!
1283 2230 1371 2310 Quid
1395 2242 1501 2297 autem
1524 2231 1627 2297 minus

361 2317 455 2386 debet
489 2319 567 2404 patri
599 2316 696 2399 filius,
737 2319 888 2404 magistro
921 2317 1106 2406 discipulus,
1138 2316 1273 2383 domino
1310 2316 1461 2398 famulus,
1494 2318 1628 2383 curatori

360 2403 516 2494 parvulus,
540 2428 635 2494 quarn
659 2427 693 2471 se
716 2415 832 2472 totum.
870 2404 1027 2473 Nondum
1051 2405 1137 2472 euim
1161 2403 1297 2472 substitit
1321 2407 1496 2492 instagnata
1519 2403 1627 2491 benig-

361 2494 442 2559 nitas
465 2510 497 2559 et
520 2492 697 2559 humanitas
721 2491 891 2573 dilectoris,
914 2504 964 2560 set
986 2490 1167 2559 letificativo
1183 2491 1323 2558 fluminis
1346 2493 1390 2558 im
1415 2511 1467 2558 etu
1490 2491 1628 2579 plantam

361 2603 449 2647 suam
474 2579 576 2647 cultor
599 2578 765 2647 benivolus
788 2581 937 2666 irrigavit,
962 2603 1035 2646 curn
1051 2602 1104 2646 me
1127 2579 1260 2646 alterum
1284 2515 1551 2667 nuperlazarum
1569 2631 1576 2644 .
1594 2631 1627 2644 ..

362 2668 529 2735 convivam
554 2690 666 2734 mense
688 2677 809 2748 vestre,
834 2720 841 2734 .
868 2719 874 2733 .
901 2719 907 2733 .
932 2668 1105 2734 accersistis
1128 2668 1160 2733 in
1190 2665 1264 2734 loco
1288 2689 1402 2754 pascue
1431 2664 1627 2746 collocando,

361 2755 403 2822 ita
433 2765 467 2822 ut
497 2755 559 2820 iam
591 2753 733 2842 preclaro
768 2753 970 2841 benignitatis
999 2765 1102 2822 vestre
1130 2754 1225 2820 calice
1255 2765 1418 2840 vegetatus
1451 2752 1531 2820 mala
1562 2775 1628 2818 non

361 2843 491 2906 timeam
508 2841 569 2906 Dei
592 2839 808 2906 misericordia
830 2839 1051 2927 subsequente.
1088 2841 1240 2907 Ceterum
1264 2839 1373 2906 fratres
1391 2893 1397 2906 .
1416 2892 1435 2920 .‚
1459 2852 1493 2907 ut
1513 2841 1628 2926 accepi,

361 2948 418 3013 per
435 2978 442 2992 .
460 2978 468 2992 .
485 2926 671 3012 episcopum
687 2938 797 2992 contra
814 2939 1000 2992 consuetam
1023 2925 1199 2992 libertatem
1216 2924 1336 2991 ordinis
1352 2927 1485 2992 restricti
1500 2947 1627 3011 gravem

362 3012 457 3100 positi
473 3013 594 3078 suntin
611 3034 756 3092 nervum,
771 3013 813 3078 ita
829 3024 863 3078 ut
875 3012 1047 3099 predicare,
1064 3010 1283 3078 confessiones
1299 3011 1416 3094 audire,
1432 3012 1628 3078 testamentis

362 3098 472 3166 adesse
494 3100 581 3186 ipsos
604 3099 637 3164 in
660 3121 716 3165 sua
739 3097 860 3166 diocesi
883 3121 949 3165 non
973 3100 1143 3185 permittat.
1181 3099 1243 3186 Ipsi
1259 3122 1348 3181 ver0,
1372 3100 1425 3188 qui
1448 3097 1629 3164 huiusmodi

363 3185 488 3274 pedicas
508 3184 640 3253 evadere
657 3186 798 3274 cupiunt,
821 3186 918 3254 bivias
941 3185 1073 3253 lustrant
1090 3197 1120 3253 et
1142 3187 1327 3276 perquirunt
1343 3185 1482 3275 undique
1505 3185 1629 3252 licentie

363 3285 533 3362 aperturas,
556 3297 641 3340 nunc
664 3296 720 3361 per
736 3273 904 3340 dominum
928 3297 1039 3362 regem
1056 3326 1063 3340 .
1083 3327 1101 3356 .,
1125 3296 1210 3340 nunc
1256 3297 1289 3341 er
1304 3273 1438 3341 aliorum
1458 3272 1628 3376 presidium

365 3362 531 3447 enavigare
559 3361 651 3427 huius
673 3360 759 3428 fretri
790 3359 950 3427 fremitum
975 3360 1183 3428 confidentes.
1231 3298 1300 3443 iet,
1331 3380 1364 3428 ut
1392 3362 1470 3429 milu
1497 3360 1629 3442 videtur,

307 3512 311 3520 .
364 3471 423 3514 vos
450 3446 537 3514 solus
564 3447 633 3536 plus
661 3447 810 3515 obtinetis
838 3446 989 3535 ponderis
1018 3450 1051 3514 in
1079 3449 1136 3515 hac
1186 3460 1267 3530 arte,
1304 3451 1345 3516 ita
1376 3449 1462 3537 quod
1491 3450 1517 3514 si
1545 3447 1629 3516 dicto

365 3536 517 3621 episcopo
548 3535 684 3600 scribere
714 3533 937 3620 dignabimini,
970 3557 1081 3622 pacem
1113 3472 1242 3602 turbatis
1270 3534 1402 3602 reddere
1432 3548 1463 3603 et
1490 3547 1629 3602 vestrum

364 3621 507 3706 poteritis
530 3621 680 3686 meritum
708 3620 866 3708 ampliare.

470 3809 525 3865 Fol.
547 3826 605 3882 119.
642 3811 698 3865 Der
717 3810 791 3864 Brief
806 3813 954 3883 entspricht
977 3829 1044 3883 ganz
1063 3812 1125 3866 dem
1144 3813 1222 3866 Tone
1241 3813 1266 3865 in
1286 3812 1347 3866 dem
1362 3812 1522 3878 ,Sclneibem
1547 3809 1628 3864 durclr

365 3896 483 3952 welches
504 3897 594 3950 Ulrich
613 3897 707 3952 Albert
726 3899 800 3951 seine
813 3898 894 3952 Walrl
913 3900 1027 3953 niitteilt.
1059 3899 1158 3953 Ferner
1176 3900 1275 3970 spricht
1294 3899 1335 3952 fsar
1353 3899 1395 3952 die
1407 3900 1461 3952 Zeit
1479 3898 1548 3951 nach
1563 3912 1627 3966 1272

365 3983 433 4037 auch
451 3983 493 4037 die
506 3984 679 4055 Erwahnung
699 3985 746 4038 des
759 3985 871 4056 Konigs.
904 3985 983 4039 Dann
1002 3987 1035 4039 ist
1048 3986 1206 4040 wiederholt
1224 3987 1250 4041 in
1263 3985 1376 4051 Briefen‚
1395 3986 1438 4038 die
1450 3983 1496 4037 der
1508 3983 1629 4054 Stellung

364 4071 433 4122 nach
452 4087 498 4123 aus
518 4070 569 4124 den
588 4072 718 4142 siebziger
732 4072 830 4142 Jahren
849 4072 977 4125 kommen
996 4078 1118 4137 mussen,
1137 4089 1191 4125 von
1211 4074 1283 4126 einer
1301 4073 1440 4125 schweren
1458 4070 1629 4139 Erlrranlrung

365 4157 412 4210 des
430 4157 591 4210 Provinzials
611 4158 653 4211 die
672 4158 754 4212 Rede.

976 4329 1020 4398 bl.

475 4450 685 4516 Verschiedenc
701 4452 829 4517 Formen
844 4451 897 4517 der
915 4451 1155 4538 Genehmigung,
1179 4473 1235 4516 aus
1256 4451 1322 4516 dem
1342 4449 1447 4517 Orden
1470 4462 1629 4536 patretur,

365 4549 454 4602 anter
476 4536 655 4623 Provinaial
683 4538 798 4603 Ulrich.
845 4535 1103 4626 (1272-1277.)

471 4640 586 4707 Forma
608 4641 793 4709 licenciandi
816 4640 854 4708 ab
878 4641 999 4708 ordine.
1045 4642 1151 4709 Frater
1175 4641 1298 4708 Ulricus
1321 4641 1408 4728 prior
1430 4638 1631 4728 provincialis

366 4726 496 4794 fratrum
513 4727 632 4794 ordinis
648 4728 885 4796 Predicatorum
908 4752 964 4818 per
980 4728 1175 4796 Teutoniam
1198 4728 1283 4795 fratri
1303 4729 1334 4794 in
1358 4727 1481 4794 bonum
1498 4725 1632 4814 dirigere

366 4836 492 4901 gressus
515 4838 600 4883 suos.
646 4817 741 4884 Nota.
781 4817 814 4883 Si
838 4816 1049 4884 licenciandus
1073 4828 1119 4884 est
1143 4817 1174 4882 in
1199 4815 1311 4882 ordine
1334 4814 1447 4895 adhuc,
1471 4812 1630 4880 scribitur:
