3828 5590
316 603 338 672 J.
362 599 435 666 1264.
899 600 974 654 Bries
990 643 995 656 .
1507 642 1509 646 .
1543 602 1583 666 59

317 759 440 839 affectu,
463 771 581 858 quanto
598 783 658 824 nos
674 759 840 845 tociusque
856 759 983 844 generis
1000 760 1100 824 nostri
1142 759 1337 845 ropinquitas
1354 756 1458 822 ordini
1474 767 1582 823 vestro

317 846 440 910 astricta
455 842 631 910 dilectionis
648 845 775 910 vinculo
798 855 958 925 teneatur3
983 843 1024 910 ob
1046 782 1139 931 quod
1157 855 1188 909 et
1209 865 1249 908 eo
1266 841 1435 909 fidentiore
1457 841 1584 909 audacia

317 954 334 996 a
350 931 475 997 caritate
491 949 593 996 vestra
609 932 792 996 orationum
808 931 954 1018 suffragia
971 932 1159 1016 expetimus,
1183 950 1248 1016 quo
1266 952 1303 994 ex
1319 926 1583 1016 predecessorum

318 1029 500 1084 nostrorum
531 1019 650 1083 meritis
678 1016 717 1084 ad
748 1018 806 1084 hec
835 1041 896 1083 nos
923 1019 1025 1084 teneri
1052 1017 1186 1082 minime
1218 1014 1412 1096 dubitamus,
1446 1038 1582 1102 quorum

317 1103 444 1193 quidem
468 1103 619 1171 beneficia
649 1116 680 1171 et
703 1105 843 1171 amicicia
873 1103 1079 1170 dilectionem
1102 1102 1233 1170 fratrum
1261 1102 1319 1168 sibi
1343 1102 1445 1168 taliter
1473 1102 1583 1168 vendi·

318 1203 440 1274 carunt,
473 1204 506 1259 ut
537 1215 576 1259 eo
604 1215 662 1258 vos
688 1190 853 1258 credamus
882 1191 974 1258 nobis
1004 1191 1072 1258 fore
1101 1189 1275 1272 obnoxios,
1330 1213 1372 1255 uo
1404 1212 1464 1256 nos
1492 1189 1583 1256 vobis

318 1304 429 1346 eorum
462 1279 608 1367 exemplo
633 1281 847 1366 conspicimur
877 1278 1043 1365 obligatos.
1089 1276 1223 1345 Accedit
1250 1275 1289 1344 ad
1308 1213 1387 1359 lec,
1416 1296 1466 1356 ut,
1497 1276 1583 1364 quod

317 1367 449 1435 fideliter
478 1369 628 1454 petimus,
658 1366 826 1434 efficaciter
849 1390 1097 1455 consequamur,
1127 1367 1279 1455 quoniam
1308 1376 1340 1432 et
1363 1363 1459 1431 officii
1486 1366 1582 1430 vestri

317 1456 526 1523 ministerium
550 1456 608 1522 hec
632 1457 790 1543 exposcit,
824 1474 858 1522 ut
886 1453 1062 1522 secundum
1091 1453 1271 1542 apostolum
1322 1476 1358 1519 ro
1391 1451 1518 1540 regibus
1553 1464 1584 1518 et

317 1543 507 1631 principibus
529 1543 714 1630 peculiarius
738 1544 885 1610 exoretis.
933 1541 981 1609 Ad
1014 1543 1072 1609 lrec
1095 1566 1154 1609 vos
1183 1541 1278 1694 elqpit
1300 1476 1389 1608 l)eus
1413 1552 1445 1607 et
1467 1541 1583 1627 posuit,
1632 1555 1636 1563 '

318 1643 351 1698 nt
373 1650 545 1698 vestrarum
570 1654 697 1718 precum
724 1632 875 1697 instancia
900 1629 1010 1696 indicis
1034 1629 1173 1716 placetur
1197 1653 1217 1694 o
1244 1651 1329 1709 ensa,
1353 1639 1387 1694 ut
1411 1651 1478 1708 eos,
1501 1650 1583 1714 quos

317 1719 441 1806 propria
474 1720 583 1784 merita
615 1743 632 1784 a
670 1717 775 1784 divine
810 1717 1027 1784 misericordie
1060 1718 1224 1804 participio
1262 1713 1398 1782 reddunt
1430 1732 1583 1794 extorreS,

317 1804 584 1892 interpellancium
608 1817 683 1870 vota
707 1804 746 1871 ad
769 1803 1004 1891 suscipiendum
1029 1806 1166 1890 graciam
1190 1802 1304 1868 faciant
1327 1803 1480 1888 apciores.
1516 1801 1584 1866 Hac

317 1893 410 2044 ipitur
433 1891 500 1958 fulti
523 1891 652 1973 fiducia,
682 1893 739 1958 hac
763 1889 962 1958 confidencia
986 1892 1168 1978 provocati,
1197 1889 1361 1955 karitatem
1385 1898 1522 1954 vestram
1552 1888 1582 1952 in

316 1980 450 2044 comino
474 1978 620 2045 duximus
645 1978 890 2066 deprecandam,
915 1990 1068 2066 quatenns
1092 2000 1151 2064 pro
1176 1976 1268 2043 nobis
1299 1988 1330 2042 et
1352 1999 1452 2041 uxore
1476 1985 1584 2040 nostra

316 2077 347 2132 et
369 2065 472 2132 liberis
497 2079 527 2132 et
551 2068 656 2154 regnis
680 2067 812 2154 aliquam
838 2065 1004 2152 specialem
1030 2067 1211 2131 orationem
1227 2087 1283 2150 per
1306 2081 1410 2128 totum
1437 2060 1582 2128 ordinem

317 2154 495 2239 iniungatis‚
519 2165 552 2219 nt
577 2155 675 2234 Deus,
700 2155 752 2240 qui
776 2177 836 2218 nos
860 2164 909 2219 tot
931 2164 1084 2218 terrarum
1110 2150 1234 2238 populis
1258 2172 1384 2236 preesse
1410 2149 1584 2229 constituit,

317 2239 428 2307 tribnat
452 2251 483 2306 et
506 2239 659 2328 prodesse
690 2261 720 2307 et
744 2242 788 2306 sic
811 2239 850 2307 ad
873 2263 962 2306 suam
986 2239 1121 2325 gloriam
1151 2249 1183 2304 et
1205 2238 1365 2304 honorem
1390 2247 1421 2302 et
1450 2258 1582 2301 suorum

317 2326 457 2395 fidelium
481 2328 646 2396 utilitatem
671 2329 825 2395 concedat
847 2326 939 2394 nobis
963 2350 1057 2414 posse
1075 2325 1233 2392 moderari
1257 2324 1394 2391 habenas
1409 2324 1585 2411 regiminis,

318 2435 350 2482 nt
374 2441 442 2483 non
465 2416 646 2483 fraudemur
670 2440 790 2486 corona
813 2415 913 2503 glorie
937 2417 969 2481 in
993 2416 1146 2502 supernis.

424 2574 480 2627 Fol.
501 2589 541 2642 25.
579 2574 713 2628 Gedruclrt
733 2572 933 2638 Winlrelmann,
953 2572 1021 2624 Acta
1040 2572 1142 2642 imperii
1166 2569 1263 2623 inedita
1287 2571 1311 2636 l,
1335 2568 1385 2639 463
1412 2569 1457 2623 Nr.
1481 2571 1529 2638 578
1555 2587 1586 2620 zu

320 2679 342 2714 c.
359 2677 432 2730 1257.
461 2662 568 2714 Ebenso
588 2661 687 2726 Piclrer,
706 2662 823 2731 Regesta
843 2659 1036 2730 imperiiVNr.
1051 2672 1117 2729 5494
1136 2659 1184 2711 mit
1203 2658 1265 2710 dem
1279 2657 1435 2721 Bemerlxen,
1455 2656 1501 2709 der
1516 2656 1590 2708 Brief

320 2755 433 2800 stamine
459 2747 680 2800 xvahrscheinliclr
705 2764 751 2799 aus
777 2746 828 2799 den
852 2747 959 2798 frithern
979 2746 1068 2797 Zeiten
1094 2745 1142 2797 des
1166 2745 1319 2796 romischen
1338 2744 1508 2812 Konigtums.
1552 2743 1587 2796 Er

319 2833 415 2899 gehon
435 2835 496 2886 aber
510 2833 707 2885 nnaweifellraft
728 2833 822 2885 auden
843 2850 875 2884 an
895 2831 940 2883 das
955 2832 1057 2884 Pariser
1070 2831 1175 2900 Kapitel
1191 2831 1258 2893 1264
1272 2829 1420 2898 gesandten
1433 2829 1586 2882 Sclneiben.

930 2983 975 3054 lt.

317 3181 331 3246 Ᾰ
422 3095 550 3273 Ιὲἰιεέος
573 3094 644 3162 ouo
666 3118 724 3160 avon
749 3095 865 3160 l’asscm
891 3092 1040 3182 erapfielrlt
1062 3092 1125 3158 sicli
1148 3093 1215 3158 dem
1236 3091 1345 3159 Gebcte
1368 3091 1421 3157 dar
1444 3091 1586 3156 Domini-

329 3203 411 3248 'auer
451 3203 489 3248 12
515 3207 534 3268 ,1
554 3237 560 3248 .

424 3289 507 3355 Viris
531 3288 685 3377 religiosis
710 3307 769 3355 etc.
794 3289 877 3356 Otto
902 3288 1095 3354 l’ataniensis
1119 3287 1297 3374 episcopus.
1344 3285 1428 3352 Cum
1459 3303 1588 3373 propter

319 3375 439 3442 diversa
463 3389 494 3444 et
509 3379 593 3443 varia
617 3377 747 3444 ecclesie
772 3396 880 3443 nostre
906 3377 1050 3463 negocia,
1074 3375 1186 3464 quibus
1211 3398 1248 3440 ex
1273 3373 1395 3440 malicia
1417 3373 1587 3439 hominum

318 3487 378 3529 nos
402 3475 528 3550 oportet
545 3465 720 3545 intendere,
744 3488 854 3530 vacare
878 3488 943 3529 non
964 3486 1136 3550 possumus
1160 3462 1273 3528 divinis
1291 3461 1460 3548 obsequiis
1486 3461 1585 3547 procli

319 3548 441 3630 dolori,
477 3553 557 3616 sicut
591 3575 663 3617 cura
696 3553 859 3616 commissi
894 3549 987 3616 nobis
1022 3550 1186 3635 regiminis
1220 3547 1359 3636 postulat
1387 3560 1418 3613 et
1450 3549 1587 3634 requirit,

319 3639 529 3702 necessarium
548 3638 714 3718 credimus,
739 3649 772 3703 ut
796 3637 920 3702 illorum
946 3636 1130 3721 adjuvemur
1155 3635 1276 3701 meritis
1301 3645 1331 3700 et
1355 3633 1509 3720 precibus,
1534 3635 1586 3720 qni

319 3745 351 3787 se
376 3723 448 3788 Deo
471 3723 608 3790 totaliter
631 3725 838 3791 devoverunt.
879 3724 989 3803 Quare
1013 3722 1239 3789 fraternitatem
1264 3732 1415 3802 vestram,
1439 3719 1531 3786 uobis
1554 3721 1587 3785 in

319 3807 452 3875 domino
481 3808 710 3892 dulcissimam,
741 3813 790 3876 cni
817 3835 927 3876 sunaus
956 3810 1077 3877 dudum
1106 3811 1237 3896 ascripta
1269 3831 1307 3873 ex
1335 3809 1439 3894 gracia
1467 3805 1587 3873 ordinis

317 3896 647 3984 speciali,rogamu3,
673 3951 679 3963 .
706 3951 712 3962 .
739 3952 745 3963 .
775 3909 928 3986 quatenus
961 3908 1090 3984 propter
1122 3895 1290 3961 dominum
1325 3907 1355 3960 et
1387 3894 1587 3961 fraternitatis

317 4005 460 4136 qmorem
484 4007 544 4050 nos
569 3985 706 4051 habeatis
729 3987 761 4050 in
781 3984 983 4050 oracionibus
1005 3983 1134 4050 fratrum
1157 3983 1252 4049 vestri
1277 3981 1397 4047 ordinis
1421 4004 1588 4046 commen-

339 4082 407 4137 atos
433 4124 440 4136 .
466 4124 473 4137 .
500 4125 506 4136 .

423 4228 478 4282 Fol.
499 4240 566 4295 25⁸¹,
587 4230 633 4282 Nr.
655 4244 694 4298 23·
733 4229 844 4281 llisclxol'
860 4229 928 4282 Otto
948 4229 1063 4298 regierte
1083 4245 1136 4280 von
1159 4240 1225 4294 1254
1245 4227 1283 4278 bis
1307 4224 1369 4292 1265
1392 4224 1466 4295 April
1490 4241 1528 4278 10.

931 4382 974 4452 15.

423 4489 596 4578 Mar‘lrgras
603 4490 722 4571 sultuna
732 4491 757 4555 f.
768 4513 826 4555 enat
844 4489 1069 4576 Brundenlarrrg
1085 4489 1168 4555 biatu
1179 4486 1355 4554 wiederlrolt
1370 4487 1426 4552 das
1435 4483 1587 4575 (Pariter)

323 4577 567 4665 Generallrupitel
598 4601 649 4642 aar
682 4578 856 4662 Griludnng
884 4580 962 4642 eines
993 4600 1050 4663 zur
1077 4575 1236 4641 deutschen
1268 4575 1401 4658 Provin(
1427 4573 1589 4659 gchdrigen

321 4663 663 4730 Dominikanerklaslers
688 4667 718 4728 in
741 4667 851 4728 seinem
876 4664 983 4728 Laude
1008 4661 1134 4752 (1264).

426 4768 510 4834 Viris
542 4767 767 4834 venerabilibus
799 4779 858 4833 etc.
886 4767 1027 4833 marchio
1051 4765 1352 4852 Brandeburgensis.
1400 4765 1588 4843 Cernentes,

322 4853 407 4940 quod
430 4867 532 4921 vestre
556 4855 717 4941 religionis
741 4877 826 4919 sacra
850 4854 1006 4940 professio
1031 4856 1074 4920 sic
1091 4852 1197 4920 divina
1220 4853 1345 4919 favente
1369 4852 1467 4938 gratia
1483 4861 1587 4916 totum
