3828 5590
355 591 395 654 62
944 605 1018 658 llriel
1032 648 1038 659 .
1500 607 1521 675 J.
1546 607 1618 671 1264.
1656 628 1657 632 ¹

355 761 472 832 pensetis
492 762 595 814 honore
610 768 636 814 et
656 760 743 830 gloria
757 768 922 814 coronatam.
950 761 1004 814 Has
1018 763 1090 814 euim
1109 762 1134 813 iu
1154 771 1208 814 tam
1221 761 1449 816 excelleutissimis
1469 763 1620 816 muneribus

355 865 448 918 regum
463 849 580 918 Ungarie
599 849 784 901 successiones
798 847 956 901 clarissimas
975 849 1089 902 honorat
1103 857 1128 900 et
1142 848 1233 902 adorat
1250 849 1400 902 successiva
1419 850 1579 918 generacio.
1594 892 1599 903 .
1614 892 1619 902 .

355 935 514 1005 Proponitur
533 935 640 1004 insuper
659 935 735 988 vobis
754 935 845 988 matris
865 943 951 986 vestre
971 935 1140 988 serenissime
1154 936 1326 987 conversacio
1346 934 1451 988 humilis
1471 943 1497 988 et
1516 935 1619 989 devota.

354 1021 406 1072 Die
424 1019 580 1072 Adressatin
598 1037 654 1074 war
673 1021 732 1073 also
751 1020 823 1073 wohl
843 1021 902 1072 eine
916 1020 1036 1072 Tochter
1055 1020 1101 1072 der
1120 1020 1237 1090 Kdnigiu
1250 1020 1333 1074 Maria
1353 1038 1406 1074 von
1425 1022 1537 1090 Ungam
1557 1022 1621 1088 (und

356 1106 466 1174 Bela’s)‚
492 1106 595 1160 welche
621 1108 681 1160 eine
707 1105 855 1160 besoudere
880 1105 1011 1158 Freuudin
1035 1105 1081 1158 des
1101 1105 1207 1160 Ordeus
1231 1125 1296 1162 urar.
1338 1107 1382 1161 Ob
1408 1107 1542 1161 vielleicht
1566 1109 1621 1161 ihre

356 1193 475 1246 ’l'ochter
488 1193 590 1263 Agnes,
610 1193 710 1246 Witwe
730 1193 776 1246 des
790 1193 911 1263 Herzogs
925 1210 978 1246 von
991 1193 1118 1258 Galizien,
1138 1193 1179 1246 ihr
1191 1194 1296 1247 welche
1309 1193 1460 1247 Alexander
1473 1195 1519 1248 lV.
1533 1195 1620 1265 einige

355 1281 409 1333 Zeit
428 1280 546 1333 naclrher
564 1280 647 1348 (1264
665 1279 726 1350 Juui
748 1281 792 1348 15)
811 1282 888 1332 einen
908 1278 1076 1333 Schutzbriei
1092 1281 1227 1334 ausstelltl
1264 1281 1325 1350 Vgl.
1344 1281 1454 1351 Ripolli,
1479 1280 1620 1334 Bullatium

355 1367 411 1422 ord.
431 1367 523 1420 Praed.
544 1368 562 1431 l,
582 1381 642 1432 444.

971 1572 1014 1642 lt.

461 1697 574 1782 Agnes,
610 1695 735 1760 Tochter
765 1695 816 1760 des
846 1696 1055 1762 verstorberreu
1079 1697 1194 1762 Kduis
1223 1696 1314 1762 Ericb
1344 1719 1403 1762 von
1430 1696 1621 1776 Drinernarlr,

356 1783 497 1849 berirhtet
527 1803 568 1848 an
597 1783 652 1847 das
679 1780 925 1869 Generallcupitel
952 1782 1025 1848 tiber
1048 1783 1113 1848 ihre
1136 1719 1435 1870 ldostergrundng,
1464 1782 1547 1850 birra
1570 1807 1620 1850 um

362 1857 578 1955 Uberserrdung
609 1891 667 1934 von
697 1868 883 1934 Schwestern
912 1870 977 1934 und
1008 1858 1199 1935 Uberurrhme
1228 1869 1310 1935 ihrer
1340 1869 1478 1956 Stifturrg
1507 1873 1539 1935 irr
1565 1871 1622 1936 deu

358 1956 469 2042 Sciant(
492 1956 542 2020 des
569 1953 689 2021 Orderrs
712 1952 838 2044 (1264).

463 2059 566 2124 Omni
596 2061 771 2125 reverentia
794 2059 987 2144 dignissimis
1012 2078 1043 2124 er
1066 2062 1156 2124 omui
1180 2059 1293 2125 affectu
1321 2058 1487 2144 diligendis
1511 2063 1620 2146 Agnes

357 2144 520 2233 quondam
544 2145 625 2211 Erici
646 2167 681 2210 re
704 2145 730 2210 is
752 2144 851 2210 Dacie
874 2156 971 2226 voto,
994 2144 1157 2212 voluntate
1181 2156 1213 2212 et
1257 2143 1432 2210 rofessione
1460 2165 1491 2212 et
1515 2146 1620 2212 habitu

357 2232 484 2298 humilis
514 2231 623 2299 ancilla
654 2168 772 2298 Ciiristi
801 2243 832 2298 et
855 2230 975 2298 ordinis
1005 2231 1120 2298 famula
1148 2230 1187 2298 ad
1210 2168 1423 2298 obedientiam
1447 2244 1478 2299 et
1501 2232 1620 2299 ordinis

357 2319 595 2386 observancias¹
625 2341 659 2384 se
682 2318 892 2386 voluntariam
916 2332 947 2385 et
972 2331 1121 2406 paratam.
1161 2319 1283 2385 Gratias
1307 2320 1439 2386 creatori
1463 2321 1620 2400 onmium,

357 2405 551 2494 redemptori
575 2405 761 2488 hominum,
792 2408 1006 2472 conservatori
1032 2418 1243 2472 creaturarum
1266 2407 1399 2494 potenti,
1424 2405 1620 2473 misericordi
1717 2443 1726 2466 ι

357 2507 388 2561 et
418 2492 578 2582 benigno,
635 2495 667 2560 ui
696 2495 728 2559 iu
759 2513 840 2560 terra
871 2493 993 2561 deserta
1026 2513 1056 2560 et
1090 2495 1173 2560 invia
1204 2493 1391 2581 multiplices
1420 2496 1485 2561 vias
1518 2493 1556 2562 ad
1586 2519 1619 2561 se

356 2594 488 2650 vocatos
499 2581 586 2648 duxit
598 2517 637 2648 ad
649 2582 751 2649 celum
762 2601 985 2670 preceptorum
1002 2594 1032 2649 et
1043 2582 1259 2663 consiliorum,
1272 2605 1404 2670 quarum
1417 2584 1620 2664 securiorem,

356 2671 559 2737 directiorem
583 2669 656 2736 licet
679 2670 833 2736 arciorem
858 2669 948 2737 vobis
971 2672 1049 2757 ipse,
1073 2671 1126 2758 qui
1151 2683 1197 2736 est
1213 2671 1272 2748 via,
1296 2669 1490 2736 manifestius
1514 2683 1620 2737 osteu-

357 2759 442 2839 dere,
466 2757 588 2845 plenius
612 2757 728 2824 docere
745 2770 775 2824 et
800 2758 831 2823 iu
856 2759 951 2845 ipsius
968 2758 1096 2824 semitas
1113 2757 1262 2824 inducere
1278 2757 1423 2843 dignatus
1448 2772 1495 2825 est
1509 2758 1621 2841 Jhesus

357 2845 511 2926 Christus,
535 2856 579 2925 ut,
603 2846 655 2931 qui
671 2855 803 2910 vocatos
819 2843 857 2910 ad
874 2868 908 2909 se
924 2846 1097 2910 accelerare
1114 2857 1235 2922 monet,
1253 2844 1477 2910 acceleratorcs
1494 2868 1620 2932 quoque

357 2929 454 3011 duret,
478 2951 615 3017 quorum
632 2930 767 2995 consilio
791 2929 960 2996 evaderent
981 2930 1126 3016 pericula,
1151 2932 1285 2996 vitarent
1301 2928 1474 3016 dispendia,
1499 2929 1537 2996 ad
1557 2931 1620 2997 vite

357 3017 498 3083 bravium
514 3015 708 3082 festinarent.
732 3015 783 3081 Sic
794 3034 841 3082 est
852 3015 932 3082 ordo
944 3035 1049 3083 vester
1061 3015 1143 3082 satura
1156 3017 1269 3096 suavis,
1287 3017 1441 3102 opinione
1477 3015 1621 3096 reclama,

356 3102 510 3188 religione
526 3103 704 3188 precipuus,
728 3103 814 3185 cuius
837 3125 909 3168 cum
933 3125 989 3188 per
1011 3103 1109 3168 totius
1132 3101 1242 3168 mundi
1266 3114 1369 3188 partes
1392 3125 1426 3168 se
1451 3039 1621 3169 dilataverit

356 3187 508 3275 splendor
532 3200 563 3255 et
586 3211 642 3254 sue
672 3187 807 3254 odorem
832 3189 950 3255 noticie
973 3191 1119 3275 sparserit
1141 3188 1256 3276 ubique
1279 3207 1448 3270 terrarum,
1479 3211 1539 3255 nec
1562 3189 1621 3256 hos

355 3276 451 3344 latere
475 3277 588 3364 potuit,
612 3297 693 3364 quos
717 3273 774 3342 celi
798 3288 829 3342 et
853 3275 937 3342 orbis
961 3275 1050 3363 plaga
1077 3275 1219 3362 frigidior
1243 3287 1273 3342 et
1297 3275 1438 3363 possidet
1462 3277 1620 3342 remocius

356 3363 448 3430 clima
479 3362 601 3430 mundi.
648 3362 702 3429 Set
734 3375 765 3430 et
792 3363 830 3430 ad
861 3386 921 3429 uos
952 3386 1079 3452 quoque
1109 3365 1237 3450 spiravit
1267 3365 1363 3430 vestri
1391 3363 1512 3430 ordinis
1540 3363 1621 3430 odor

356 3450 530 3517 dulcis...
554 3451 623 3536 Ego
647 3451 742 3536 igitur
765 3450 970 3516 considerans
993 3474 1079 3517 sacre
1103 3462 1206 3518 vestre
1230 3450 1392 3537 religionis
1417 3452 1563 3538 exemplo
1583 3451 1621 3518 ad

356 3537 458 3604 celum
475 3537 620 3603 festinare
637 3537 740 3623 plures
758 3537 879 3603 nobiles
897 3549 927 3603 et
943 3538 1109 3623 ignobiles,
1133 3560 1226 3603 senes
1243 3550 1274 3604 et
1289 3538 1446 3624 parvulos
1469 3562 1620 3625 pauperes

357 3636 388 3690 et
416 3635 564 3710 potentes
588 3625 657 3710 cepi
687 3641 718 3689 et
746 3636 854 3690 mente
879 3676 937 3689 ...
962 3623 1124 3690 cottidiani
1153 3624 1281 3710 periculi
1304 3625 1420 3690 timore
1445 3637 1476 3691 et
1498 3626 1622 3692 incerti-

356 3708 473 3776 tudinis
489 3712 552 3777 vite
576 3713 749 3797 perterrita,
772 3733 882 3776 amore
898 3731 1002 3778 vestre
1018 3711 1180 3797 religionis
1203 3710 1312 3778 affecta
1329 3723 1361 3778 et
1383 3733 1457 3777 saue
1477 3711 1619 3778 doctrine

356 3797 552 3885 perfectione
576 3796 698 3878 edocta,
723 3797 807 3864 hunc
831 3797 975 3864 ordinem
1002 3821 1057 3884 pre
1081 3799 1192 3864 ceteris
1217 3798 1342 3884 eligere,
1366 3799 1398 3864 in
1422 3822 1485 3887 quo
1509 3798 1618 3885 religio

357 3884 436 3950 flore
445 3886 620 3966 venustior,
637 3884 721 3950 zelus
738 3885 823 3970 viget
840 3887 965 3966 rectior,
984 3885 1118 3952 devocio
1136 3885 1235 3953 fervet
1251 3884 1415 3952 ardencior
1431 3898 1461 3952 et
1474 3887 1618 3952 onmium

356 3973 508 4037 virtutum
525 3993 564 4037 co
588 3972 615 4035 ia
639 3972 797 4036 invenitur
813 3971 1004 4058 aliarumque
1028 3972 1218 4056 religionum
1236 3974 1393 4038 invenitur
1408 3972 1570 4058 speculum
1587 3993 1617 4038 et

357 4057 526 4143 exemplar.
584 4080 645 4122 unc
661 4058 764 4143 cupivi
781 4057 955 4137 ardencius,
973 4057 1070 4144 diligo
1084 4057 1245 4138 devocius,
1262 4057 1372 4124 fortius
1389 4071 1419 4124 et
1436 4059 1617 4144 amplector.

357 4144 499 4231 Cepique
516 4142 643 4229 prodire
659 4153 762 4223 tenus,
785 4143 889 4210 donec
906 4144 997 4210 detur
1014 4145 1102 4224 ultra,
1125 4142 1377 4232 desideriumque
1393 4167 1500 4210 meum
1518 4144 1617 4210 celare

356 4253 422 4296 non
447 4229 554 4295 valens
585 4241 698 4296 votum
721 4232 795 4297 vovi
823 4231 855 4296 in
887 4253 999 4296 manus
1030 4231 1133 4298 dilecti
1162 4233 1255 4318 patris
1286 4233 1397 4318 prioris
1421 4231 1618 4317 provincialis

356 4317 454 4383 Dacie
470 4317 545 4383 illud
562 4317 710 4383 emittens
726 4340 779 4382 me
795 4329 949 4404 perpetuo
966 4317 1100 4384 domino
1116 4319 1299 4385 serviturum
1316 4317 1372 4384 sub
1388 4320 1482 4386 vestri
1498 4318 1617 4384 ordinis

356 4403 527 4492 disciplina.
574 4405 739 4492 Assumpsi
763 4428 803 4470 ue
831 4403 991 4486 habitum,
1021 4404 1144 4493 qualem
1174 4404 1314 4492 ejusdem
1342 4404 1460 4472 ordinis
1490 4427 1617 4472 sorores

356 4504 482 4593 portare
499 4491 604 4572 didici,
627 4427 810 4558 domicillas
827 4490 977 4580 quasdam
1001 4515 1127 4559 mecum
1144 4515 1317 4574 assumens,
1361 4516 1472 4559 uarum
1496 4492 1617 4558 adhoc

356 4603 459 4665 ipsum
482 4581 628 4664 tetigerat
644 4579 732 4644 Deus
756 4578 862 4659 corda,
887 4578 1000 4646 dotans
1023 4579 1129 4645 locum
1147 4579 1269 4645 claustri
1293 4516 1459 4646 ediicandi
1481 4578 1521 4646 ad
1537 4602 1618 4666 opus

356 4665 440 4731 istud
464 4665 555 4731 bonis
580 4667 659 4731 meis
682 4664 950 4753 patrimonialibus
980 4665 1142 4745 omnibus,
1171 4688 1231 4753 que
1254 4688 1307 4731 me
1333 4668 1399 4752 jure
1429 4665 1617 4732 hereditario

357 4753 564 4838 contingunt,
589 4753 709 4840 inquo
734 4765 764 4820 et
788 4751 938 4834 domiuo,
962 4751 1111 4841 quamdiu
1135 4753 1254 4833 vixero,
1277 4751 1334 4818 sub
1358 4751 1478 4818 ordinis
1502 4751 1618 4832 habitu,

356 4836 551 4920 obediencia,
575 4841 774 4924 protectione
792 4851 822 4906 et
839 4863 910 4905 cura
927 4840 1021 4906 Deo¹
1038 4839 1154 4904 servire
1173 4861 1332 4925 propono,
1349 4841 1517 4905 obsecrans
1534 4840 1616 4924 piam
