3822 5592
264 679 267 685 .
305 602 328 674 J.
351 617 425 671 ¹²77·
893 603 989 658 Briete.
1514 607 1572 673 105

307 758 416 825 celitus
434 756 650 825 commendati
674 769 764 825 tanto
781 758 946 840 liberalius,
969 772 1089 846 quanto
1112 759 1238 826 liberius
1262 758 1470 827 esurientibus
1493 759 1576 826 fran-

330 855 396 910 eret
418 865 532 931 panem
555 843 658 925 verbi,
683 841 803 910 dudum
827 843 901 926 fuit,
930 845 1011 911 sicut
1033 845 1149 926 nostis,
1172 847 1329 932 prioratus
1352 844 1461 918 officio
1484 845 1576 912 abso·

306 867 407 1012 lutus,
432 982 439 996 .
464 982 471 997 .
497 981 504 996 .
528 931 581 1019 qui
608 931 791 1032 importune
815 942 847 998 et
870 949 1029 1018 oportune
1059 931 1106 998 lac
1128 931 1287 1032 spirituale
1309 931 1441 1020 prebere
1470 931 1575 1014 debet,

307 1017 442 1169 ppmulis
464 1016 511 1084 lac
532 1017 681 1105 simplicrs
704 1017 837 1084 historie
859 1029 890 1084 et
913 1019 1107 1086 excercitatis
1129 1017 1233 1085 erbum
1257 1018 1395 1086 solidum
1418 1043 1575 1107 anagoge.

341 1103 455 1171 oc1de
478 1103 621 1192 predicto
644 1102 737 1171 fratre
761 1105 862 1172 tenuit
885 1105 1027 1192 magistri
1050 1104 1170 1173 ordinis
1185 1107 1357 1187 sentencia,
1381 1105 1444 1172 hoc
1466 1129 1574 1174 meum

308 1214 382 1257 com
406 1188 527 1258 robavit
549 1190 710 1272 iudicium,
733 1190 796 1258 lroc
819 1190 949 1258 fratrum
973 1190 1110 1260 laudavit
1132 1192 1217 1259 racio
1241 1192 1463 1280 plurimorum,
1486 1193 1574 1282 quod

307 1213 453 1346 videlicet
476 1279 578 1346 utilius
595 1289 627 1345 et
648 1278 840 1344 fructuosius
863 1289 1024 1367 tamquam
1048 1279 1174 1346 lucerna
1189 1277 1307 1346 luceret
1330 1277 1490 1363 omnibus,
1514 1305 1575 1370 que

307 1365 365 1432 sub
395 1367 487 1432 unius
511 1377 687 1432 conventus
718 1363 830 1432 modio
861 1366 1028 1434 moderato
1053 1367 1236 1434 restrictus²
1265 1365 1364 1434 limite
1392 1385 1575 1454 poneretur.

268 1487 270 1492 v
307 1453 445 1520 Proinde
473 1451 663 1520 electionem
688 1451 728 1519 de
757 1453 827 1540 ipso
851 1452 963 1520 factam
996 1453 1128 1520 etmihi
1157 1476 1214 1541 per
1240 1453 1349 1520 fratres
1371 1467 1496 1522 vestros
1524 1481 1576 1522 ex-

308 1539 436 1606 bibitam
465 1551 496 1607 et
526 1539 662 1606 oblatam
691 1538 730 1606 ad
759 1539 1016 1606 confirmacionis
1043 1539 1234 1607 beneficium
1262 1565 1328 1607 non
1357 1544 1506 1628 promovi
1527 1553 1577 1609 set

306 1626 474 1694 sufficienti
503 1625 733 1693 deliberacione
761 1625 858 1693 fretus
882 1625 1016 1694 eandem
1045 1629 1162 1694 cassavi
1192 1639 1223 1694 et
1252 1651 1371 1694 cassam
1400 1630 1575 1716 pronuntio
1652 1637 1655 1648 '

306 1736 363 1800 per
377 1725 549 1801 presentes,
573 1715 739 1800 presertim
756 1736 829 1779 cum
846 1715 878 1779 in
896 1713 1139 1780 constanciensi
1164 1714 1301 1801 capitulo
1317 1713 1434 1782 litteras
1451 1733 1575 1782 nostras

306 1800 485 1888 superbos
516 1799 672 1880 babuerit,
702 1799 789 1889 quod
820 1799 899 1866 infra
926 1798 1090 1868 biennium
1120 1801 1152 1867 in
1182 1802 1323 1889 priorem
1351 1825 1419 1869 non
1448 1802 1577 1870 deberet
1609 1864 1611 1868 ,

307 1887 466 1974 postulari,
492 1886 564 1975 eligi
580 1885 629 1954 vel
653 1887 780 1954 assumi.
819 1887 993 1955 Dilectioni
1017 1889 1112 1976 igitur
1127 1899 1230 1956 vestre
1254 1889 1387 1976 iniungo
1411 1889 1576 1971 attencius,

306 1976 452 2063 quatinus
476 1976 666 2042 unanimiter
689 1973 839 2041 studeatis
871 1975 903 2041 in
927 1974 1021 2041 alium
1051 1999 1106 2064 per
1130 1975 1320 2043 electionem
1351 1977 1417 2043 sive
1440 1976 1576 2064 postula·

308 2064 434 2129 cionem
459 2063 645 2129 canonicam
670 2063 858 2142 convenire,
888 2063 941 2150 qui
965 2064 1049 2130 iuxta
1073 2075 1251 2130 conventus
1274 2063 1369 2130 vestri
1394 2061 1576 2130 decenciam

307 2147 396 2216 vobis
419 2173 545 2237 preesse
569 2149 669 2216 valeat
693 2160 724 2216 et
747 2147 909 2236 prodesse.

404 2278 572 2379 masia]
647 2325 712 2378 τεο
733 2324 784 2377 ns.

413 2483 469 2538 Fol.
493 2485 576 2554 138v.
614 2483 690 2536 Naclr
709 2483 760 2536 den
781 2481 876 2536 Annal.
896 2482 1014 2537 Colrnar.
1034 2483 1096 2538 MG.
1109 2485 1155 2537 SS.
1168 2483 1253 2550 XVll,
1274 2499 1325 2539 200
1344 2483 1464 2555 predigte
1479 2481 1578 2536 Bruder

310 2571 444 2625 Eberhard
463 2572 498 2624 im
518 2571 597 2642 Jahre
619 2569 685 2638 1276
704 2571 730 2624 in
750 2570 827 2624 Basel
847 2570 893 2623 das
912 2571 999 2623 llreuz
1018 2569 1072 2624 und
1090 2571 1159 2624 viele
1178 2571 1295 2625 nahmen
1315 2588 1351 2625 es.
1389 2571 1431 2624 Da
1450 2569 1577 2639 die1276

309 2658 358 2712 auf
372 2659 434 2712 dem
453 2659 620 2712 llonstanzer
638 2657 743 2728 Kapitel
767 2658 978 2711 tibernommene
998 2657 1201 2728 Verpflichtung
1219 2658 1290 2712 noch
1309 2659 1381 2712 nicht
1405 2657 1494 2728 geldst
1513 2674 1577 2721 war,

310 2763 342 2799 so
361 2745 429 2798 muss
449 2745 495 2799 das
515 2745 660 2798 Sclrreiben
679 2762 727 2798 vor
748 2746 815 2813 1278
835 2744 992 2798 entstanden
1012 2746 1076 2798 sein.

413 3004 535 3070 Brudcr
557 3005 720 3071 Hermann
750 3016 873 3091 versagt
900 2897 968 3069 11111
988 3003 1174 3070 Scbwestern
1202 3027 1260 3070 uon
1290 3005 1333 3070 St.
1358 3003 1503 3070 Larrrbert
1531 3004 1578 3069 die

308 3091 475 3158 Erlrrubnir
498 3094 539 3158 im
564 3092 672 3158 Freian
694 3116 733 3178 711
755 3093 877 3179 sprr'srn.
925 3087 1025 3178 (1277
1038 3092 1141 3182 -81.)

413 3195 520 3264 Frater
542 3195 782 3286 Her(mannus)
807 3194 970 3262 sororibus
994 3193 1033 3262 de
1057 3215 1167 3262 sancto
1190 3195 1377 3283 Lamperto,
1408 3196 1461 3285 qui
1484 3196 1578 3263 stulte

308 3285 502 3371 petiverunt,
527 3285 615 3373 quod
637 3284 746 3351 liceret
770 3285 814 3350 eis
839 3282 1009 3351 comedere
1033 3284 1065 3350 in
1088 3284 1233 3371 gramine
1256 3284 1340 3351 iuxta
1363 3282 1577 3351 infirmariam.

308 3371 435 3454 Audivi,
459 3397 520 3461 que
544 3396 561 3438 a
585 3371 774 3461 Conr(ado)
799 3383 886 3459 patre
911 3372 1095 3460 provinciali
1118 3389 1220 3438 vestra
1244 3371 1392 3439 discretio
1416 3371 1577 3474 profundo

308 3457 435 3526 lundata
459 3459 592 3526 consilio
638 3459 796 3541 ostulavit‚
821 3478 975 3548 quatenus
991 3458 1082 3526 vobis
1105 3471 1265 3548 tamquam
1289 3458 1366 3526 lucis
1389 3458 1509 3526 filrabus
1532 3461 1579 3526 in-

309 3546 436 3614 clinatas
459 3546 585 3614 umbras
609 3484 800 3634 iitgientibus
824 3569 924 3634 prope
949 3549 1055 3634 posito
1079 3548 1177 3614 muris
1201 3545 1340 3635 undique
1364 3549 1577 3634 circumsepto

308 3633 426 3716 liceret,
443 3658 515 3701 cum
532 3633 652 3717 liberet,
669 3634 790 3717 sedere,
807 3632 972 3722 prandere,
997 3634 1101 3716 edere,
1118 3632 1225 3701 bibere
1242 3636 1273 3700 in
1290 3633 1431 3722 pratello.
1456 3635 1489 3702 O
1506 3657 1578 3722 pru·

309 3721 419 3789 dencia
446 3721 605 3790 laudabilis
629 3736 661 3790 et
688 3723 831 3790 inventio
859 3721 1054 3810 predicabilis
1082 3721 1227 3789 auferens
1251 3721 1458 3823 opprobrium
1489 3721 1579 3788 femi·
1679 3743 1682 3748 ·

308 3832 436 3892 aarum,
467 3835 528 3900 que
551 3821 700 3898 putantur
722 3809 837 3876 habere
861 3807 1013 3876 industrie
1036 3811 1161 3898 parum!
1208 3808 1342 3876 Inferior
1364 3809 1455 3876 vobis
1479 3821 1580 3876 mater

308 3896 445 3964 filiorum
470 3897 622 3979 Zebedei,
651 3921 712 3986 que
740 3908 885 3984 correpta
912 3895 986 3978 fuit,
1036 3895 1118 3978 uod,
1145 3894 1221 3985 quid
1243 3907 1380 3983 peteret,
1411 3897 1578 3984 ignoravit.

308 3983 460 4053 Plantavit
484 3984 613 4074 quidem
637 3983 787 4051 dominus
803 3983 913 4051 lhesus
936 3920 1114 4072 paradisum
1131 3983 1300 4072 voluptatis
1324 3983 1523 4072 aprincipio,
1544 3984 1578 4049 in

309 4095 372 4162 quo
395 4074 501 4160 posuit
525 4072 703 4153 bominem,
726 4095 822 4160 quem
846 4071 1005 4154 formavit,
1029 4083 1061 4139 et
1077 4071 1186 4138 lhesus
1210 4069 1392 4159 frequenter
1414 4072 1447 4137 in
1471 4081 1578 4138 ortum

305 4159 421 4247 legitur
450 4183 522 4226 curn
556 4157 738 4226 amabilibus
770 4157 928 4246 discipulis
964 4155 1164 4224 convenisse.
1217 4158 1360 4246 Sponsus
1386 4180 1516 4312 {proque
1546 4159 1579 4223 in

310 4247 437 4312 canticis
454 4245 618 4313 descendit
642 4244 681 4312 ad
703 4245 842 4311 areolam
860 4258 1039 4312 aromatum
1063 4243 1135 4334 lilya
1151 4243 1349 4312 collecturus.
1419 4268 1455 4312 ec
1472 4245 1577 4311 minus

310 4331 440 4400 sollicite
464 4335 529 4421 agri
552 4333 612 4399 lilia
641 4331 849 4420 contemplari
875 4332 1034 4414 iubemur,
1064 4330 1231 4422 quomodo
1256 4355 1324 4399 non
1350 4329 1492 4398 laborant
1519 4355 1580 4399 nec

311 4431 388 4487 nent
416 4433 447 4488 et
474 4434 581 4488 tamen
610 4419 755 4508 ampliori
786 4443 880 4508 quam
912 4420 1065 4487 Salomon
1094 4419 1194 4507 gloria
1221 4421 1407 4487 vestiuntur.
1458 4420 1579 4486 Annon

311 4507 398 4574 locus
422 4508 486 4590 ille,
517 4531 612 4596 quem
636 4507 758 4595 petitis,
782 4526 846 4574 tam
871 4531 1002 4574 serenus
1026 4531 1121 4596 quam
1145 4529 1277 4572 amenus
1307 4505 1409 4573 future
1435 4505 1483 4594 (i)
1507 4528 1581 4607 pro·

312 4595 470 4661 missionis
502 4597 599 4661 instar
626 4593 765 4675 obtinet,
799 4617 871 4660 curn
904 4594 1021 4660 florum
1056 4593 1218 4660 diversitas
1251 4593 1356 4680 signat
1388 4604 1579 4659 merentium
1633 4669 1636 4675 Ι

312 4683 503 4763 varietatem,
528 4680 609 4750 odor
632 4680 745 4749 blande
769 4683 890 4768 spirans
914 4681 996 4748 sarire
1019 4678 1241 4761 redolentiam,
1265 4699 1369 4746 auster
1392 4677 1470 4747 levis
1493 4677 1581 4767 spiri·

312 4768 405 4836 talem
429 4770 578 4857 gratiam,
608 4771 761 4856 garritus¹
793 4770 898 4836 avium
931 4766 1160 4856 concent(um)
1190 4767 1353 4855 ymaginat
1382 4765 1580 4853 angelorum.

314 4857 379 4924 Ros
402 4855 503 4943 lapsus
520 4855 558 4923 de
582 4857 739 4922 altissimis
764 4855 872 4922 colore
896 4878 993 4921 aureo
1017 4852 1135 4941 pendet
1151 4855 1182 4919 in
1207 4854 1361 4939 gramine,
1385 4865 1579 4934 monstrans,
