3822 5592
355 621 415 703 158
938 633 1010 686 Briel
1025 675 1030 686 .
1361 641 1367 653 “
1499 633 1521 703 J.
1544 648 1619 703 1290.

348 793 437 856 enim
462 789 634 856 domorum
660 789 810 854 clistaneia
842 810 907 854 raon
937 787 1052 866 officit,
1081 810 1153 853 cum
1185 810 1336 873 germane
1366 789 1501 854 caritatis
1525 787 1617 852 latrina

347 875 576 943 dissidencium
601 875 698 946 nectit
722 873 827 940 corda.
874 875 992 940 Actum
1017 886 1047 939 et
1071 871 1177 940 datum
1204 885 1262 940 etc.

460 1058 467 1087 ¹
486 1049 523 1102 So
542 1049 593 1101 HS.

457 1204 514 1260 Fol.
537 1205 593 1271 185.
631 1204 686 1257 Das
705 1203 813 1257 Kloster
837 1203 916 1256 sollte
939 1213 990 1256 erst
1010 1204 1036 1256 in
1057 1203 1214 1274 Derenburg
1238 1203 1388 1272 gegrnndet
1412 1203 1528 1257 werden.
1566 1203 1618 1254 Ana

356 1310 394 1363 ¹3·
405 1293 458 1347 Mai
471 1293 539 1364 1289
551 1299 695 1362 gestattete
708 1290 750 1344 die
761 1290 834 1344 Stadt
845 1289 1011 1344 Halberstaclt
1025 1289 1067 1343 dle
1077 1290 1236 1360 Erriclitung
1248 1291 1322 1344 eines
1333 1291 1618 1344 Dorninilranerinneu-

349 1382 464 1435 lelosters
484 1379 620 1433 innerlnlb
639 1378 686 1432 cler
704 1378 786 1433 Staclt.
822 1379 876 1431 Am
895 1378 986 1431 selben
1005 1377 1082 1448 'l'age
1101 1377 1164 1432 trill't
1184 1377 1295 1432 llisclrof
1311 1378 1411 1432 Volrad
1430 1395 1483 1432 von
1503 1379 1535 1432 H.
1551 1378 1617 1431 Ver-

347 1469 511 1538 ordnuugen
524 1468 589 1520 iiber
601 1467 643 1519 die
656 1466 778 1536 Stellung
790 1465 837 1520 des
851 1465 972 1520 Klosters
986 1483 1017 1518 zu
1029 1465 1091 1518 dem
1104 1466 1189 1518 sehon
1202 1466 1384 1520 bestelrenden
1395 1466 1618 1521 Morachslloster.

353 1557 405 1608 Am
427 1569 467 1620 14.
486 1555 557 1608 Nor.
580 1553 646 1624 1289
664 1553 807 1622 bestitigte
825 1553 906 1622 Papst
925 1551 1052 1604 Nilrolaus
1065 1551 1109 1605 lV.
1123 1552 1165 1604 die
1184 1551 1308 1622 Stiltung.
1341 1553 1402 1622 Vgl.
1416 1552 1472 1606 UH,
1486 1553 1533 1605 der
1545 1552 1619 1606 Stadt

352 1640 520 1696 Halberstaclt
541 1641 564 1692 ll
583 1639 630 1694 Nr.
651 1655 710 1706 220,
730 1638 876 1704 226--228,
900 1654 947 1706 235
969 1657 994 1692 u.
1013 1644 1038 1692 o.

957 1791 1020 1861 lta.

460 1919 527 1983 Der
560 1915 738 2002 Proviurinl
770 1915 887 1980 osnclt
919 1917 966 1980 dio
998 1915 1183 1982 Scliwestern
1216 1919 1257 1982 itu
1288 1917 1617 1983 Dominikonerimien·

348 2005 462 2070 kloster
484 2027 555 2089 (reru
579 2003 648 2069 leil.
665 2002 769 2088 Krete<
791 2005 822 2067 in
840 2001 1043 2089 Regembmg,
1066 2003 1120 2068 der
1135 2003 1329 2090 Klostersrou
1345 2003 1504 2083 Adelheid,
1528 2004 1617 2070 deren

358 2092 449 2158 Voter
471 2092 536 2156 dem
553 2089 674 2156 Kloster
696 2088 772 2155 vicie
795 2088 995 2175 Besitrnngen
1016 2089 1173 2175 geschenkt
1196 2089 1260 2156 ond
1281 2089 1330 2155 ilar
1353 2091 1438 2156 einen
1461 2090 1527 2156 Teii
1549 2113 1616 2156 vom

351 2180 574 2344 ,getreeitpaureu
598 2175 676 2242 Erbe
698 2175 854 2241 vtrrnocht
877 2175 946 2254 liat,
975 2177 1074 2241 diesen
1097 2176 1271 2261 carlomanni
1294 2200 1332 2262 pi
1357 2177 1465 2243 lusson.
1512 2175 1618 2264 (Nacla

356 2266 464 2348 1290?

359 2408 546 2415 .-u-..u-Q.
550 2406 668 2413 .-..—-—--

459 2474 514 2528 Fol.
537 2474 583 2540 185
595 2485 621 2527 V.
658 2473 711 2525 Am
731 2471 834 2526 Sclrluss
854 2472 978 2525 verweist
997 2471 1043 2524 der
1061 2471 1209 2526 Aussteller
1232 2473 1280 2526 auf
1295 2475 1387 2527 seinen
1406 2473 1556 2527 Vorlalrren
1576 2473 1608 2526 H.

349 2564 400 2616 cler
414 2563 461 2616 mit
475 2561 615 2615 desselben
628 2560 898 2613 Zuvorlcommenlreit
918 2561 943 2612 in
964 2559 1050 2612 dieser
1063 2560 1148 2612 Saclie
1168 2561 1340 2614 entsclrieclen
1358 2561 1435 2616 habe.
1463 2561 1526 2614 Nun
1538 2559 1619 2614 findet

349 2650 410 2703 sich
423 2648 469 2704 fol.
485 2647 534 2718 176
547 2650 590 2702 ein
603 2647 755 2714 Sclrreiben,
769 2647 815 2700 das
829 2647 916 2700 siclrer
929 2647 1064 2700 Hermann
1077 2664 1130 2702 von
1143 2648 1252 2702 Minden
1266 2649 1410 2715 zulsommt,
1431 2647 1481 2702 fast
1495 2649 1618 2718 gleiclaen

353 2737 460 2791 lulialts.
498 2737 582 2789 nunu
601 2735 647 2788 das
666 2737 746 2805 obige
765 2735 909 2789 Sclireiben
929 2753 982 2788 von
1001 2736 1089 2788 einem
1102 2735 1268 2806 Naclrfolger
1282 2736 1431 2790 Hermanns
1450 2753 1504 2790 von
1517 2736 1553 2790 bl.
1573 2737 1620 2789 her

349 2826 365 2883 t,
367 2825 423 2876 sein
443 2823 641 2876 uturiittelbarer
660 2821 825 2890 Naclrfolger
844 2822 952 2874 lionracl
972 2823 1088 2874 isannes
1108 2823 1179 2875 niclrt
1198 2840 1327 2891 genesen
1346 2825 1415 2887 sein,
1436 2823 1468 2875 clu
1488 2840 1516 2874 es
1536 2823 1619 2875 felicis

350 2910 543 2962 recordationis
570 2908 649 2962 frater
668 2908 699 2960 H.
724 2907 813 2971 licisst,
840 2908 892 2960 und
918 2909 1054 2960 Hermann
1078 2909 1116 2960 bis
1144 2923 1210 2977 1294
1236 2909 1321 2961 sicher
1345 2909 1428 2976 lebte)
1453 2909 1518 2960 oder
1543 2910 1618 2961 weist

355 2996 490 3048 Hermann
513 3011 567 3048 aron
590 2995 626 3048 M.
650 2993 698 3046 auf
717 2994 809 3046 seinen
834 2995 996 3064 Vorginger
1020 2994 1144 3046 Heinrich
1169 2995 1234 3048 liin?
1275 2996 1340 3048 Eine
1364 2995 1563 3063 Entsclreidung
1586 2996 1618 3047 ist

355 3083 467 3137 scltwer.
504 3083 596 3136 Seiner
614 3080 735 3152 Stellung
754 3081 822 3134 nach
841 3081 939 3135 libante
959 3081 1005 3134 aer
1024 3081 1098 3135 llrief
1114 3083 1198 3135 sebon
1223 3083 1263 3135 ins
1283 3081 1489 3152 zweitlolgeude
1508 3083 1618 3134 Provin-

349 3171 429 3224 aialat
443 3169 531 3234 fallen,
550 3169 581 3222 cla
596 3186 623 3222 er
636 3187 679 3222 ain
693 3169 766 3222 Ende
779 3169 826 3222 der
843 3170 930 3223 sicher
942 3187 988 3223 aus
1003 3169 1153 3223 Hermanns
1167 3171 1221 3223 Zeit
1240 3171 1425 3224 stannnenden
1440 3169 1526 3223 ilriese
1539 3169 1618 3224 stelit.

858 3359 862 3372 ·
955 3343 1022 3413 148.

462 3469 623 3534 Hernicum
646 3491 704 3533 von
727 3469 854 3533 Mindon
882 3469 1008 3541 schreibt
1038 3490 1078 3533 ott
1107 3467 1163 3532 deu
1187 3468 1365 3552 Provinzinl
1394 3469 1447 3534 clei·
1471 3468 1622 3534 Proventu

351 3555 428 3619 alm·
451 3557 515 3619 oilie
529 3553 724 3633 Geldsclmld,
748 3554 821 3619 ttler
839 3555 981 3640 Smdzrng
1003 3579 1060 3620 con
1084 3553 1167 3619 Tnch
1190 3554 1255 3619 tirtel
1268 3554 1341 3620 liber
1365 3557 1427 3619 oilie
1444 3555 1528 3622 Reise
1543 3554 1621 3620 rinch

358 3641 440 3706 Rutu.
488 3638 595 3724 (Nacta
621 3639 729 3728 1290.)

463 3793 469 3806 .
496 3795 502 3807 .
534 3743 721 3807 Provinciali
753 3743 914 3810 Provintie
945 3742 1038 3808 frater
1072 3743 1284 3809 Hermannus.
1345 3744 1439 3809 Mitto
1468 3741 1559 3808 vobis
1591 3757 1621 3809 el

358 3828 436 3894 infra
457 3853 508 3893 -:
534 3829 622 3894 Esset
646 3828 723 3893 milri
747 3851 840 3913 super
863 3851 972 3893 aurum
998 3840 1029 3894 et
1053 3830 1216 3914 coparion,
1240 3831 1338 3896 sivos
1355 3829 1461 3895 videre
1485 3831 1517 3894 in
1542 3831 1622 3916 capi-

355 3914 423 3980 tulo
461 3913 600 4000 generali
632 3913 868 4001 impedimentis
901 3914 1093 3981 cessantibus
1130 3917 1327 3982 meruissem.
1379 3917 1499 3981 Verum
1536 3915 1621 4003 quod

357 4014 489 4086 negatur
513 4000 620 4067 officio
650 4003 822 4081 consortis,
853 4000 1008 4088 supplebit
1037 4001 1179 4082 affectio,
1210 4025 1271 4090 que
1301 4025 1359 4069 vos
1389 4014 1493 4068 totum
1524 4014 1622 4082 tenet,

351 4087 488 4168 obtinet,
513 4087 720 4175 amplectitur,
743 4099 919 4169 veneratur,
944 4088 1040 4174 eligit,
1065 4088 1165 4175 diligit
1180 4091 1212 4154 in
1230 4113 1281 4156 me
1297 4101 1378 4156 toto.
1413 4090 1501 4155 Deus
1519 4088 1622 4155 cordis

356 4177 419 4242 mei
444 4186 475 4242 et
506 4197 576 4262 pars
607 4198 677 4241 mea
706 4177 810 4255 novit,
841 4189 954 4264 quanta
983 4199 1055 4241 cura
1083 4195 1209 4262 satago,
1241 4188 1275 4243 ut
1306 4175 1345 4242 ad
1377 4199 1435 4243 vos
1467 4178 1623 4264 pertingat

356 4265 549 4328 nummisma
574 4261 729 4342 debitum,
754 4262 888 4328 molesta
912 4263 989 4328 milii
1013 4261 1168 4330 dilacione
1196 4287 1384 4351 suspensum
1409 4265 1531 4330 utinam
1556 4287 1622 4338 non

356 4369 547 4436 suspectum.
595 4350 678 4416 Nam
703 4348 742 4415 de
766 4349 905 4436 dampno
930 4350 972 4415 nil
997 4373 1154 4430 curarem,
1186 4353 1281 4416 etiam
1305 4353 1331 4415 si
1354 4350 1481 4436 triplum
1507 4352 1623 4416 contri-

355 4437 496 4516 buerem,
521 4448 569 4501 set
592 4435 711 4502 nollem
735 4438 840 4502 vivere
864 4436 1008 4524 foretque
1031 4437 1109 4503 milri
1133 4461 1205 4503 cum
1229 4449 1333 4504 morte
1357 4436 1572 4517 convertibile,
1596 4439 1621 4502 si

356 4524 487 4603 iusticia,
518 4546 612 4610 quam
637 4545 795 4609 precatam
822 4522 939 4604 lrabe0,
970 4522 1028 4588 sub
1058 4526 1191 4590 :tinantis
1216 4537 1247 4590 et
1276 4525 1369 4590 arisati
1394 4525 1548 4610 opinione
1577 4526 1621 4589 in-

352 4611 474 4696 ciperet
505 4608 647 4675 titubare.
699 4610 736 4675 Et
769 4609 863 4675 infra:
894 4611 1037 4676 l'annum
1067 4634 1194 4699 quoque
1222 4622 1352 4677 tenuem
1381 4609 1420 4676 de
1448 4611 1621 4697 Argentina

355 4696 445 4763 vobis
470 4697 642 4778 misissem,
670 4699 696 4762 si
719 4697 882 4784 portitoris
905 4709 957 4764 aut
980 4699 1117 4763 vectoris
1140 4721 1179 4764 co
1203 4701 1264 4764 iam
1294 4697 1482 4763 habuissem.
1530 4695 1621 4762 Aliud

351 4806 483 4870 quoque
507 4781 570 4849 vidi
593 4805 665 4848 som
689 4786 788 4864 trium,
812 4781 957 4850 videlicet
980 4808 1051 4850 cum
1076 4808 1134 4851 vos
1158 4722 1276 4851 alilaret
1292 4783 1434 4850 Flandria
1458 4804 1568 4850 texens
1591 4796 1621 4849 et

355 4868 496 4967 plectens
520 4868 642 4934 subtilia
666 4807 771 4936 iiacum
797 4869 878 4956 apud
902 4893 971 4950 vos,
995 4894 1067 4936 cum
1090 4874 1164 4938 setis
1181 4884 1212 4937 ct
1235 4873 1317 4957 sagis
1342 4872 1404 4936 suis
1417 4870 1621 4937 Tlieutlaouia
