3822 5592
327 613 349 683 J.
373 614 446 666 1288.
1532 623 1591 687 117

938 787 989 856 94.

434 908 612 994 Provinrial
635 905 826 1000 (Hermann)
851 909 1029 1061 beatptragt
1046 911 1184 998 jemand,
1208 914 1263 976 mit
1288 911 1345 976 den
1363 911 1507 996 Mainrer
1529 911 1594 976 und

334 996 488 1060 ll'urmser
510 995 607 1076 Juden
630 1019 734 1083 wegrn
757 996 811 1064 der
836 996 913 1064 Schn
929 997 1124 1084 denaahlang
1146 999 1199 1062 der
1215 997 1355 1086 Zofinger
1371 997 1594 1065 Dontinikaner

328 1106 367 1166 {rr
390 1081 585 1146 verbandeln.
632 1079 758 1172 (1288.)

435 1204 630 1270 Commissio
660 1223 770 1270 contra
793 1203 908 1272 ludeos
938 1204 976 1272 de
1006 1207 1090 1273 facto
1113 1207 1348 1308 Zouingensffi
1365 1207 1448 1273 Cum
1477 1218 1590 1273 statum

329 1289 457 1357 fratrum
481 1291 730 1378 Zoningensium
755 1293 910 1379 recogito,
942 1293 979 1361 ab
1002 1296 1120 1362 intimis
1144 1294 1235 1361 traho
1259 1295 1389 1381 suspiria
1413 1292 1451 1360 ad
1474 1295 1591 1375 Deum,

329 1377 435 1444 levans
464 1377 585 1461 oculos,
614 1378 672 1445 snb
696 1381 783 1446 cuius
811 1405 907 1447 manu
936 1383 1058 1470 potenti
1090 1383 1203 1449 hesitat
1226 1381 1284 1448 hec
1307 1383 1405 1448 ruina.
1453 1379 1593 1448 Credere

328 1477 433 1532 nartem
451 1478 577 1553 oportet
600 1479 729 1554 propter
752 1470 949 1535 atrocitatem
973 1469 1286 1558 persequ(u)tornm,
1311 1466 1397 1557 quod
1420 1469 1508 1536 Iudei
1532 1469 1592 1534 cle-

328 1556 508 1620 menciores
524 1555 722 1621 inveniantur
739 1557 909 1637 canonicis,
929 1558 955 1622 si
972 1556 1011 1624 de
1027 1557 1110 1623 lacto
1127 1557 1249 1644 plenius
1265 1559 1467 1624 instruantur.
1508 1557 1591 1623 Cum

329 1665 438 1708 comes
462 1640 501 1708 de
526 1641 692 1708 Vroburclr
718 1661 800 1709 esset
824 1642 947 1710 debitor
975 1667 1149 1726 usurarum,
1177 1642 1320 1711 fratribus
1345 1643 1479 1710 domum
1503 1667 1591 1710 suam

329 1731 360 1794 in
384 1731 485 1795 Zouin
509 1753 548 1796 en
572 1729 713 1796 vendidit
741 1743 772 1797 et
796 1732 904 1812 simul,
934 1744 968 1798 ut
997 1734 1100 1820 ipsum
1129 1755 1145 1800 a
1169 1731 1308 1820 ludei(s)
1339 1733 1461 1820 quitum
1489 1730 1593 1798 effice·
1632 1778 1634 1782 .

328 1828 408 1896 rent,
438 1752 604 1884 ordinavit.
651 1819 816 1900 Fecerunt,
845 1819 930 1907 quod
961 1839 1142 1905 potuerunt,
1175 1817 1335 1906 usquead
1362 1838 1498 1904 tempus,
1549 1843 1592 1884 uo

328 1901 457 1968 fratrum
487 1903 616 1970 ecclesia
646 1903 703 1970 luit
732 1904 898 1986 destructa,
928 1925 958 1972 et
987 1909 1046 1972 isi
1068 1906 1177 1974 fratres
1207 1907 1295 1994 quasi
1317 1907 1389 1992 vagi
1413 1924 1444 1971 et
1467 1842 1593 1992 prodigi

329 1989 542 2056 morabantur.
589 1992 683 2058 Nunc
707 2004 823 2058 autem·
839 2005 872 2059 ut
895 1930 1102 2060 concidantur
1117 1993 1246 2060 vulnere
1271 2015 1364 2078 super
1387 1991 1511 2073 vulnus,
1535 2014 1592 2078 pro

328 2076 454 2142 residuo
487 2078 660 2143 solucionis
693 2079 819 2145 obsides
852 2093 960 2167 parant
996 2081 1124 2146 dentem
1162 2093 1193 2146 et
1225 2099 1385 2159 ventrem,
1423 2091 1475 2160 ut,
1507 2076 1592 2167 quod

330 2186 422 2228 eruca
446 2163 588 2251 reliquid,
612 2176 713 2230 vastet
732 2165 839 2231 brutus
863 2178 894 2232 et
911 2166 1013 2232 ordini
1037 2166 1089 2232 affi
1113 2185 1181 2232 atur
1205 2165 1412 2253 opprobrium
1435 2166 1593 2251 perpetuis

328 2249 523 2338 temporibus
548 2275 613 2317 non
638 2250 817 2318 delendum.
857 2254 991 2340 Propter
1013 2191 1111 2342 quod
1121 2252 1160 2320 de
1184 2252 1380 2320 discretione
1396 2262 1500 2318 vestra
1523 2274 1593 2338 pre·

329 2362 459 2404 sumens
483 2338 653 2427 plurimum
671 2363 729 2407 vos
753 2343 933 2408 transmitto
950 2342 1151 2430 Magunciam
1172 2360 1205 2408 et
1222 2341 1435 2408 Warmaciam
1455 2337 1494 2405 ad
1509 2338 1593 2428 a(r)-

329 2427 553 2516 chisinagogos
585 2447 615 2495 et
643 2431 791 2518 primates
821 2429 990 2498 ludeorum
1022 2431 1193 2498 instancius
1223 2433 1409 2518 petiturum,
1440 2440 1593 2530 quatenus

330 2519 523 2603 preveniant,
553 2542 594 2584 ne
617 2516 698 2584 ordo
723 2517 878 2609 predictus
903 2521 1037 2607 penitus,
1067 2519 1153 2609 quod
1177 2521 1221 2586 eis
1246 2543 1312 2586 non
1336 2516 1486 2606 prodent,
1518 2539 1594 2583 con-

330 2603 485 2671 fundatur.
532 2606 721 2673 Intrantibus
749 2609 834 2675 enim
863 2607 1012 2675 militibus
1036 2607 1214 2694 obstagium
1243 2607 1352 2674 fratres
1382 2602 1593 2693 egredientur,

331 2694 381 2780 qui
411 2692 451 2758 ibi
480 2695 569 2780 pauci
598 2707 680 2776 sunt,
709 2719 768 2761 nec
795 2695 909 2784 aliquid
938 2696 1065 2762 alicuius
1094 2695 1301 2782 obligacionis
1330 2691 1504 2760 remanebit
1527 2693 1592 2759 vin-

331 2779 434 2846 culum
465 2804 558 2868 super
587 2784 682 2868 ipsos
730 2782 869 2849 Perdunt
899 2783 1070 2850 creditores
1100 2785 1264 2870 pecuniam
1297 2805 1356 2848 uec
1384 2803 1525 2868 unquam
1555 2779 1593 2844 de

331 2879 436 2932 cetero
461 2867 528 2932 talis
546 2870 602 2934 erit
626 2869 829 2956 tranquillitas
854 2871 934 2936 inter
957 2869 1117 2956 predictos
1137 2881 1168 2936 et
1188 2868 1314 2949 Iude03,
1339 2869 1419 2933 sicut
1443 2866 1500 2931 fuit
1523 2865 1594 2932 hac-

330 2966 432 3034 tenus,
458 2957 558 3020 inrnro
576 2979 648 3020 cum
665 2955 756 3022 liceat
774 2956 899 3043 gloriari
924 2959 955 3022 in
973 2954 1238 3038 tribulacionibus
1263 2955 1370 3022 locum
1393 2951 1510 3020 latendi
1527 2975 1594 3018 non

330 3042 469 3108 inveniet
497 3041 616 3109 clamor
644 3056 770 3126 noster,
800 3043 885 3132 quod
910 3045 996 3111 lndei
1025 3068 1097 3111 cum
1127 3045 1262 3110 inimicis
1291 3043 1407 3110 nostris
1436 3041 1595 3128 conspira-

329 3149 452 3211 verunt,
478 3141 510 3196 ut
533 3154 654 3196 nomen
679 3143 822 3198 nostrum
848 3143 995 3221 tanquam
1027 3131 1146 3198 madum
1170 3133 1308 3198 eicerent
1337 3132 1368 3196 in
1393 3128 1502 3197 odium
1528 3151 1595 3195 cru-

329 3215 420 3283 cifixi.
469 3218 568 3298 Quod
598 3221 623 3284 si
652 3217 763 3286 fieriu
788 3232 881 3303 ortct,
913 3223 1032 3308 penitet
1055 3240 1120 3287 tam
1148 3219 1305 3307 benignos
1333 3221 1475 3306 ipsorum
1500 3215 1594 3282 fnisse

329 3307 525 3393 interpretes,
550 3308 702 3396 quociens
727 3243 865 3375 indebite
888 3309 1089 3390 vexabantur,
1120 3309 1249 3397 penitet,
1281 3305 1369 3460 ‹pnod
1392 3317 1457 3373 tam
1481 3327 1595 3392 segnes

275 3395 276 3400 ’
330 3393 445 3460 luimus
462 3414 647 3461 executores
664 3395 803 3463 mandati
822 3397 998 3484 apostolici,
1022 3421 1094 3464 cum
1119 3399 1193 3484 ipsis
1209 3396 1248 3462 ad
1264 3407 1396 3462 sautem
1413 3415 1595 3546 proponere

330 3481 495 3549 debuimus
520 3483 651 3549 verbum
668 3485 739 3550 Dei.
780 3484 893 3551 Adbuc
917 3485 1050 3552 litteram
1075 3508 1154 3572 pape
1178 3483 1324 3550 bullatam
1350 3481 1451 3548 habeo
1494 3504 1511 3547 e
1534 3480 1596 3546 hoc

330 3570 423 3646 lacto,
452 3594 513 3659 que
541 3574 566 3636 si
595 3571 781 3660 renovat(a)
811 3572 913 3653 luerit,
945 3595 1016 3639 cum
1049 3575 1088 3639 sit
1111 3570 1242 3638 verbum
1274 3570 1397 3637 domini
1425 3567 1594 3655 alligatum,

331 3658 565 3747 lervencio(r)¹
588 3659 671 3725 zelus
696 3662 763 3726 erit.
810 3660 842 3726 Si
867 3659 1011 3741 dixerint,
1036 3659 1122 3748 quod
1146 3662 1278 3725 nomine
1304 3658 1431 3724 comitis
1455 3657 1518 3722 sint
1541 3654 1597 3721 ob-

330 3745 412 3812 sides
441 3747 612 3834 recipiendi
641 3759 672 3813 et
703 3771 769 3813 non
797 3746 938 3830 fratrum,
963 3749 1081 3814 vanitas
1113 3759 1170 3829 est,
1200 3771 1273 3812 nam
1304 3769 1360 3833 per
1383 3745 1596 3811 novacionem

329 3835 471 3899 transivit
495 3857 577 3900 onns
601 3833 779 3901 debitorum
804 3835 842 3900 ad
867 3833 1025 3918 ordinem,
1053 3859 1069 3900 a
1093 3859 1157 3923 quo
1182 3847 1213 3901 et
1236 3858 1304 3900 non
1327 3857 1344 3899 a
1368 3833 1487 3898 comite
1510 3854 1597 3897 acce-

329 3933 442 4007 perunt
466 3945 585 3988 marcas
608 3922 756 4010 plurimas
782 3923 815 3988 in
838 3922 978 3990 solutum
999 3947 1057 4010 pro
1080 3935 1242 3989 tantorum
1265 3919 1505 4009 dispendiorum
1527 3942 1597 3984 can-

328 4007 399 4074 tela.
447 4008 548 4074 Vobis
579 4009 659 4076 hanc
683 4009 758 4077 duxi
786 4010 1031 4078 sollicitudinem
1056 4008 1332 4091 committendam,
1360 4026 1395 4074 nt
1425 4031 1498 4073 cum
1528 4028 1597 4093 pre-

330 4095 420 4162 dictis
444 4097 693 4184 arclrisinagogis
718 4117 747 4164 et
773 4099 1078 4184 congregacionibus
1106 4101 1249 4184 ipsorum
1273 4121 1307 4163 ac
1331 4095 1408 4176 aliis,
1432 4093 1484 4160 ubi
1506 4093 1597 4159 vobis

331 4181 477 4270 expedire
494 4183 658 4265 videbitur,
683 4187 821 4252 tractetis
846 4185 1023 4262 efficaciter,
1047 4209 1143 4274 qnare
1166 4183 1310 4250 fratribus
1333 4181 1469 4270 expulsis
1493 4199 1525 4246 et
1542 4203 1598 4266 per

330 4270 517 4336 violenciam
535 4271 675 4358 spoliatis
692 4297 818 4360 parcere
836 4272 970 4340 debeant
987 4285 1117 4361 propter
1130 4273 1248 4353 Deum,
1265 4273 1318 4360 qui
1335 4288 1437 4358 patres
1453 4270 1596 4356 ipsorum

331 4357 436 4426 eduxit
467 4357 505 4424 de
537 4359 664 4427 fornace
695 4359 846 4427 ferreoli
871 4363 936 4448 ipti,
967 4365 992 4427 si
1021 4385 1082 4450 qua
1111 4361 1184 4448 ipsis
1213 4371 1287 4426 sunt
1314 4361 1433 4424 viscera
1463 4356 1596 4443 pietatis.

332 4446 564 4533 lnpossibilium
590 4449 674 4514 enim
701 4473 774 4515 curn
797 4385 881 4515 nulla
904 4451 944 4515 sit
960 4449 1116 4536 obligacio
1141 4458 1172 4515 et
1196 4448 1308 4514 habeat
1331 4445 1481 4534 spoliatus
1505 4445 1598 4532 privi-

332 4534 459 4621 legium,
489 4547 522 4601 nt
547 4559 612 4602 non
641 4539 742 4624 possit
766 4539 837 4603 exui
860 4539 922 4602 iam
947 4536 1092 4618 nudatus,
1122 4536 1234 4603 frustra
1263 4533 1460 4602 laborantia
1484 4554 1597 4598 acervo

334 4622 396 4703 illo,
427 4635 461 4690 ut
485 4622 613 4690 credant
637 4649 671 4691 se
695 4636 841 4714 questum
866 4625 968 4691 lacere
992 4623 1031 4691 de
1055 4622 1210 4691 mendicis
1234 4635 1266 4691 et
1289 4634 1355 4690 tota
1379 4643 1434 4688 sua
1457 4619 1598 4720 libertate

332 4711 488 4778 l'raudatis.
535 4712 620 4778 Volo
646 4714 743 4792 enim,
778 4713 864 4800 quod
895 4714 1079 4779 anctoritate
1104 4713 1302 4800 presencium
1334 4708 1542 4787 constituatis,
1573 4731 1598 4770 si

333 4822 413 4884 opus
446 4811 493 4864 est
525 4819 761 4886 procuratorem
791 4799 830 4865 ad
860 4799 1028 4866 iurandum
1061 4801 1093 4864 in
1125 4800 1244 4864 animas
1274 4797 1385 4884 prioris
1415 4806 1446 4861 et
1468 4794 1598 4860 sratrum

333 4887 581 4972 Zoningensinm
606 4911 713 4953 coram
737 4889 810 4952 viris
833 4887 979 4974 ydoneis,
1012 4885 1099 4974 quod
1123 4885 1231 4952 lratres
1256 4907 1322 4950 non
1346 4893 1419 4948 snnt
1442 4878 1600 4948 solvendo
