3822 5592
289 636 317 704 J.
340 635 414 706 1289.
479 713 483 730 ι
541 698 543 702 ,
882 635 956 689 Briel
971 679 976 690 .
1502 640 1561 706 153

295 795 324 856 in
350 791 489 856 seculum
514 791 621 870 seculi,
645 802 692 857 set
715 791 759 856 fas
784 803 832 857 est
855 791 958 856 lavere
981 791 1091 857 talibus
1116 791 1339 877 superioribus.
1379 793 1562 872 Quomodo

291 878 381 942 aliter
398 876 527 942 ecclesia
544 879 748 944 succrevisset
769 889 822 943 aut
838 877 919 944 ordo
936 877 1065 964 quilibet
1080 877 1160 944 lines
1176 880 1225 944 sui
1247 879 1377 944 tentorii
1393 877 1561 960 dilatasset,

290 965 318 1028 :si
343 975 503 1050 tamquam
519 961 603 1028 fenix
618 965 720 1043 unica,
744 962 795 1028 ubi
813 965 956 1044 oriretur,
981 963 1021 1029 ibi
1039 965 1132 1030 etiam
1157 965 1345 1029 moreretur.
1384 965 1562 1050 Apostolos

294 1051 430 1134 primum
448 1049 631 1114 cenaculum
654 1050 765 1129 tenuit,
789 1062 837 1115 set
853 1073 927 1115 cum
950 1049 1001 1115 lux
1025 1048 1136 1116 mnndi
1160 1049 1216 1116 sub
1240 1049 1352 1116 modio
1369 1049 1469 1117 claudi
1493 1074 1560 1117 non

290 1135 411 1216 debuit,
435 1136 467 1200 in
491 1159 622 1201 omnem
646 1147 760 1200 terram
786 1159 884 1201 sonus
909 1138 1050 1221 ipsorum
1075 1137 1179 1202 exivit.
1221 1136 1434 1223 Multiplicatis
1457 1139 1562 1225 itaque

294 1246 387 1309 super
415 1245 582 1288 munerum
610 1222 771 1288 sororibus
802 1221 966 1290 antedictis
995 1247 1111 1310 magne
1140 1247 1276 1311 persone
1305 1225 1561 1306 intercesserunt,

292 1330 327 1376 ut
359 1311 496 1376 sinerem
528 1309 635 1376 locunt
669 1309 763 1376 alium
798 1312 974 1393 instaurari,
1009 1309 1060 1377 ubi
1093 1323 1224 1398 possent
1259 1310 1393 1378 domino
1426 1313 1561 1400 quietius

294 1397 443 1463 litnmlari.
490 1399 621 1464 Pennisi
645 1409 676 1463 et
700 1399 783 1464 vices
808 1422 894 1464 meas
917 1422 1010 1486 super
1034 1399 1095 1465 hoc
1121 1451 1127 1464 .
1154 1451 1160 1464 .
1185 1401 1281 1485 priori
1306 1399 1561 1468 Halberstadensi

293 1483 350 1550 sub
378 1497 460 1552 certa
489 1484 622 1552 formula
650 1485 806 1572 delegavi,
840 1488 927 1552 cuius
956 1485 1035 1552 lines
1063 1488 1088 1552 si
1117 1488 1265 1568 excessit,
1295 1499 1461 1574 promptus
1489 1513 1560 1554 sum

289 1574 465 1658 corrigere;
489 1584 536 1638 set
552 1595 670 1659 pronus
694 1597 760 1638 non
776 1597 858 1654 sum,
882 1573 998 1660 siquid
1023 1572 1203 1639 factumest
1225 1572 1368 1660 provide,
1392 1575 1559 1661 inprovide

293 1682 450 1726 revocare.
497 1660 634 1726 Proinde
662 1661 875 1727 sinceritatem
907 1673 1041 1726 vestram
1072 1683 1154 1747 rogo
1184 1661 1343 1728 humiliter
1372 1673 1403 1728 et
1425 1661 1559 1745 devote,

289 1767 445 1834 quatenus
477 1747 553 1814 mibi
586 1747 682 1814 nicbil
715 1749 875 1835 imputetis
899 1747 995 1829 aliud,
1029 1749 1087 1814 nisi
1121 1747 1207 1836 quod
1236 1761 1283 1816 est
1312 1749 1492 1816 ordinatum
1521 1750 1560 1836 ad

293 1835 450 1901 bonorem
474 1836 534 1901 Dei
558 1854 589 1902 et
612 1835 789 1922 profectum
815 1835 951 1917 ordinis;
981 1837 1145 1921 reputetis,
1170 1837 1241 1923 qula
1266 1838 1439 1903 certissime
1463 1838 1561 1904 multa

291 1923 353 2007 pati
377 1922 583 2011 incommoda
599 1924 709 2010 pocius
727 1922 887 2008 eligerem,
912 1947 1006 2010 quam
1023 1921 1227 1988 dilectionem
1245 1943 1381 1990 vestram
1406 1925 1438 1989 in
1455 1923 1560 2012 aliquo

291 2010 517 2094 perturbarem.
564 2011 680 2075 Datum
707 2022 765 2075 etc.

398 2217 527 2288 1³01.179.
565 2218 627 2288 Vgl.
641 2218 688 2271 Nr.
711 2218 767 2282 146.

896 2406 964 2476 llll.

399 2551 578 2638 Priuirrqinl
594 2548 798 2702 prefatam.)
826 2550 926 2615 sendet
959 2553 1052 2615 tinem
1081 2551 1171 2616 Prior
1203 2552 1287 2616 einen
1319 2551 1561 2638 strafwr'irdtgen

295 2637 529 2704 Ortlcrrsbrvrder
551 2662 592 2703 mr
635 2639 716 2704 stelit
739 2639 801 2704 ibm
825 2637 977 2702 Atrswubl
1003 2660 1062 2702 von
1085 2638 1152 2703 drei
1174 2638 1466 2725 Bestrastmgsartcn
1482 2640 1559 2725 frei.

291 2724 419 2814 (12⁸9)
465 2769 477 2779 ·’

400 2849 499 2912 Priori
525 2900 531 2912 .
558 2897 565 2912 .
591 2847 790 2932 provincialis
814 2845 852 2910 dc
877 2848 1048 2931 punitione
1073 2846 1234 2911 cuiusdam
1259 2845 1370 2911 fratris
1410 2845 1559 2910 Latorem

289 2933 491 3017 presencium
506 2932 688 2998 discretioni
705 2950 808 2998 vestre
824 2933 1004 2997 transmitto
1021 2934 1185 3018 requirens
1202 2933 1316 3017 pariter
1333 2950 1364 2996 et
1380 2932 1559 3016 iniungens,

289 3017 378 3106 quod
402 3021 504 3106 ipsum
528 3041 587 3106 pro
611 3019 674 3084 suis
699 3017 896 3098 criminibus,
927 3017 966 3084 de
990 3017 1102 3105 quibus
1126 3020 1157 3085 in
1182 3017 1298 3084 iudicio
1323 3018 1487 3084 convictus
1513 3029 1559 3084 est

292 3119 322 3172 ct
347 3106 525 3188 conlcsstlS,
556 3104 638 3192 apud
666 3131 725 3172 vos
754 3106 933 3171 incarcere
962 3117 1116 3192 perpetuo
1148 3105 1205 3172 sub
1236 3117 1358 3172 austera
1387 3105 1560 3192 penitentia

291 3193 472 3276 recludatis,
504 3206 555 3260 aut
580 3217 652 3259 eum
678 3194 794 3260 eiciatis
819 3193 856 3259 ab
880 3192 1006 3272 ordine,
1037 3195 1169 3280 prestito
1194 3195 1387 3274 iurament0,
1417 3191 1503 3281 quod
1527 3194 1559 3258 in

292 3281 377 3347 nullo
395 3305 467 3348 casu
485 3282 562 3348 clam
580 3281 629 3348 vel
654 3300 760 3368 aperte
781 3283 897 3348 nostris
914 3280 1057 3347 lintribus
1073 3282 1113 3348 sit
1130 3280 1293 3362 molestus,
1318 3279 1367 3348 vel
1384 3281 1409 3346 si
1426 3279 1558 3368 dignum

293 3369 504 3436 misericordia
529 3369 736 3436 iudicaveritis
753 3371 915 3450 miserum,
941 3367 1020 3435 detis
1038 3368 1141 3435 eidem
1165 3369 1325 3436 licentiam
1349 3381 1435 3436 extra
1451 3369 1559 3436 'l'lreu-

291 3457 434 3524 tlroniarn
447 3457 574 3546 petendi
586 3458 733 3524 ordinem
745 3457 838 3523 alimn
852 3459 935 3523 iuxta
952 3455 1189 3545 privilegiorum
1202 3469 1385 3524 nostrorum
1400 3475 1558 3539 tenorem,

293 3545 342 3612 ubi
368 3549 536 3612 commissa
561 3545 674 3612 defleat
698 3558 729 3613 et
752 3544 896 3611 deflenda
921 3543 1053 3631 amplius
1078 3570 1143 3612 non
1161 3547 1350 3612 committat.
1384 3546 1559 3612 Premisso·

292 3658 361 3699 rum
385 3635 479 3700 trium
505 3635 670 3720 optionem
695 3657 751 3720 per
774 3632 912 3699 triduum
937 3632 1027 3699 vobis
1052 3633 1164 3700 habete
1190 3657 1391 3714 concessam,
1419 3633 1557 3722 alioquin

292 3724 391 3806 prima
411 3745 491 3810 pars,
516 3745 576 3810 que
599 3723 730 3788 carceris
752 3735 809 3802 est,
834 3721 923 3787 vobis
948 3723 1094 3788 imminet
1111 3721 1316 3788 observanda.
1356 3722 1474 3788 Datum
1498 3733 1558 3788 etc.

366 3870 382 3874 ”
396 3870 452 3985 aa]
475 3869 556 4004 aas

892 4103 953 4174 m.

395 4246 572 4332 Prmduqr'ul
596 4244 787 4334 (Hermann)
811 4246 905 4311 tudelt
929 4247 984 4310 dus
1012 4245 1173 4310 Vrrbnlten
1202 4247 1279 4309 eines
1303 4245 1472 4310 Konverttes
1494 4244 1559 4309 aad

287 4336 382 4398 „mirus
405 4335 508 4399 Priors
528 4357 624 4420 gagen
648 4336 732 4399 citrea
756 4333 920 4398 insolenter
945 4333 1074 4398 Brnder.
1122 4331 1248 4422 (1289.)

395 4453 580 4542 Respondet
601 4455 809 4608 provincialis
838 4453 960 4520 cuidam
991 4455 1098 4540 priori.
1144 4454 1262 4520 Littere
1291 4465 1393 4519 vestre
1423 4453 1557 4540 querelis

290 4540 418 4627 gravide
442 4541 479 4607 ad
502 4565 598 4629 proce
624 4542 741 4608 endum
766 4554 877 4607 contra
906 4541 1000 4606 talem
1025 4540 1169 4620 fratrem,
1201 4540 1240 4606 de
1265 4542 1352 4606 cuius
1376 4539 1558 4606 insolenciis

291 4630 464 4715 scripsistis
489 4653 540 4695 me
557 4641 679 4716 poterat
696 4630 856 4708 excitasse,
876 4629 935 4693 nisi
951 4627 1168 4707 advertissem,
1192 4626 1393 4714 prudentiam
1408 4638 1557 4705 vestram,

290 4741 351 4802 que
375 4715 514 4782 facienda
538 4715 676 4797 fuerant,
707 4714 883 4781 obmisisse.
927 4713 1108 4794 Quomodo
1133 4715 1220 4780 eninr
1243 4715 1391 4801 contigit,
1415 4725 1449 4778 ut
1472 4712 1557 4778 solus

290 4802 476 4884 scriberetis,
500 4803 586 4891 quod
603 4827 618 4868 a
634 4801 740 4868 multis
764 4801 906 4868 fratribus
923 4803 1018 4867 vestri
1035 4813 1212 4867 conventus
1228 4801 1415 4888 proclamari
1434 4809 1558 4886 poterat

290 4903 321 4955 et
339 4889 469 4956 deferri?
503 4891 580 4954 Non
597 4892 681 4956 enim
708 4901 771 4955 erat
788 4889 893 4954 sibilus
918 4912 991 4954 :une
1008 4890 1122 4968 tenuis,
1146 4901 1193 4954 set
1210 4890 1334 4974 spiritus
1350 4887 1558 4972 tempestatis,
