3822 5592
362 623 422 686 130
941 617 1014 670 Brief
1031 659 1036 670 .
1499 619 1521 688 J.
1544 621 1618 690 1289.

357 774 510 842 advocare
527 773 669 852 voluerit,
687 772 725 837 de
741 773 882 858 parendo
900 772 1060 854 nrandat0,
1079 774 1158 838 sicut
1175 771 1219 837 fas
1237 785 1293 853 est,
1318 776 1444 860 prestita
1461 777 1618 840 cautione.

357 859 567 948 Cappellanos
590 858 666 924 tales
690 858 851 938 habebitis,
882 860 961 924 sicut
984 859 1135 944 permittit
1159 858 1369 946 privilegium,
1398 859 1543 926 videlicet
1566 862 1619 962 qui

355 947 418 1013 sint
441 945 563 1033 providi
589 963 619 1010 et
643 943 779 1024 discreti,
803 946 861 1032 ipsi
885 944 976 1010 vobis
1000 947 1032 1010 in
1057 947 1242 1012 necessitate
1260 944 1452 1013 exhibebunt
1476 946 1619 1014 ecclesra-

355 1033 431 1099 stica
454 1043 659 1111 sacramenta,
683 1032 745 1098 hoc
762 1048 809 1096 est
831 1031 863 1096 in
882 1030 1062 1097 infirmitate
1085 1033 1338 1118 superveniente,
1362 1031 1497 1098 infestis
1514 1035 1619 1113 etiarn,

355 1121 435 1185 sicut
457 1119 600 1206 superius
625 1135 672 1184 est
695 1129 851 1185 notatum.
891 1115 997 1198 Addo,
1021 1116 1107 1205 quod
1130 1119 1215 1185 vices
1239 1120 1382 1206 ipsorum
1406 1119 1444 1187 ad
1490 1122 1619 1186 remissa

307 1259 310 1264 .
356 1206 500 1293 supplere
528 1216 677 1292 poterunt
700 1204 748 1270 alii
774 1203 955 1292 cappellani,
984 1217 1014 1272 et
1042 1205 1105 1270 hoc
1133 1227 1171 1271 ex
1201 1207 1421 1292 permissione.
1468 1142 1619 1294 heligiosi

356 1316 433 1360 vero
450 1295 628 1380 quicunque
653 1303 684 1358 et
701 1291 803 1357 clerici
827 1314 894 1357 non
911 1289 1016 1358 dicent
1040 1293 1073 1357 in
1096 1291 1235 1358 ecclesiis
1251 1295 1362 1360 vestris
1379 1295 1500 1375 missas,
1526 1297 1619 1361 etiam

356 1381 381 1446 si
404 1378 557 1447 fateantur
580 1401 614 1444 se
636 1377 774 1465 gaudere
787 1379 973 1531 privilegiu,
1003 1377 1090 1466 quod
1113 1379 1176 1445 hoc
1226 1381 1336 1447 ossint.
1383 1381 1467 1448 Nam
1491 1405 1548 1448 vos
1572 1405 1619 1448 re-

355 1469 489 1554 stringo,
513 1490 553 1532 ne
578 1465 640 1532 hoc
656 1467 763 1532 sinatis
811 1467 854 1532 eri
878 1488 937 1531 nec
960 1467 1034 1552 ipsis
1051 1465 1128 1532 calix
1174 1403 1317 1534 rebeatur
1340 1491 1399 1534 nec
1419 1467 1526 1534 officio
1543 1491 1619 1535 con-

355 1577 431 1640 grua
460 1551 654 1620 indumenta.
701 1553 857 1622 Conversi
881 1555 977 1619 vestri
1004 1571 1036 1619 et
1063 1489 1265 1635 sernifiatres,
1294 1557 1347 1642 qui
1375 1575 1439 1621 tam
1468 1578 1501 1621 se
1525 1579 1619 1644 quam

356 1665 411 1708 sua
433 1640 549 1708 devote
573 1652 604 1708 et
627 1639 765 1707 totaliter
788 1639 892 1706 ordini
912 1639 1103 1721 obtulerunt,
1127 1639 1249 1708 admitti
1273 1653 1423 1728 poterunt
1441 1641 1480 1708 ad
1505 1641 1619 1724 divina,

355 1752 426 1795 raro
449 1740 568 1808 tamen,
591 1729 720 1815 proviso
745 1727 831 1816 quod
856 1750 928 1793 cunr
951 1729 1026 1815 ipsis
1050 1726 1099 1794 alii
1123 1727 1299 1795 nullatenus
1320 1727 1535 1812 admittantur,
1560 1754 1619 1797 nec

355 1817 413 1903 ipsi
430 1817 462 1881 in
477 1837 668 1903 quocunque
686 1814 747 1880 alio
763 1814 836 1880 loco
853 1815 1066 1903 cuiuscunque
1082 1815 1202 1881 ordinis
1219 1835 1323 1902 preter
1339 1839 1433 1905 quam
1457 1819 1488 1882 in
1505 1820 1617 1884 vestris

356 1904 501 1969 oratoriis
525 1900 638 1968 divinis
662 1913 812 1988 poterunt
836 1903 997 1967 interesse.
1038 1902 1087 1968 De
1111 1902 1170 1967 hiis
1193 1914 1309 1983 autem,
1334 1906 1387 1990 qui
1411 1906 1540 1970 suntin
1564 1905 1619 1970 ob-

356 1989 472 2078 sequiis
488 1990 599 2054 vestris
622 2010 681 2074 pro
706 1986 852 2053 mercede
869 2010 971 2052 annua
995 1986 1155 2068 conducti,
1179 1990 1204 2052 si
1228 2011 1295 2054 non
1311 1989 1498 2056 audiverunt
1514 1990 1618 2057 divim

356 2075 426 2140 alibi
449 2075 615 2162 presertim
638 2075 670 2139 in
695 2075 829 2154 civitate,
853 2075 923 2161 quia
946 2086 1022 2140 tunc
1047 2086 1151 2140 essent
1168 2077 1445 2157 excommunicati,
1469 2076 1616 2144 ordinent

355 2163 503 2248 priorisse
520 2159 559 2226 de
576 2182 724 2226 sororum
740 2159 944 2226 discretarum
961 2159 1106 2241 consilio,
1129 2161 1209 2228 sicut
1228 2161 1433 2229 iudicaverint
1452 2162 1617 2250 expedire;

356 2272 428 2314 cum
452 2247 609 2315 voluerint
633 2247 745 2313 eedem
769 2248 927 2334 priorisse,
957 2246 1080 2333 ingredi
1109 2260 1259 2334 poterunt
1284 2249 1458 2330 ecclesiam,
1489 2250 1616 2338 quando

356 2335 524 2415 noluerint,
549 2333 761 2400 excludantur.
804 2335 876 2400 Hoc
900 2334 1064 2420 intelligite
1087 2333 1126 2400 de
1149 2334 1207 2400 illis
1230 2335 1444 2417 servitoribus,
1468 2338 1616 2424 quisunt

356 2423 387 2487 in
417 2422 500 2488 curia
532 2422 616 2487 iuxta
647 2420 835 2498 claustrum,
868 2419 998 2508 reliqui,
1033 2422 1085 2508 qui
1118 2419 1157 2487 de
1185 2423 1343 2509 grangiis⁸
1375 2424 1522 2504 veniunt,
1555 2425 1618 2490 sint

355 2508 481 2575 exclusi.
528 2509 579 2574 De
609 2507 810 2576 confessione
839 2507 975 2596 quedam
1004 2507 1191 2595 perplexitas
1221 2521 1282 2590 est,
1313 2521 1361 2577 set
1392 2533 1459 2576 non
1491 2509 1618 2578 nocebit

355 2597 460 2677 vobis,
491 2598 516 2662 si
545 2618 612 2661 uon
643 2594 855 2677 confitemini,
884 2594 1010 2684 quando
1038 2618 1095 2683 per
1122 2597 1206 2662 cives
1234 2597 1447 2684 prohibemini
1473 2597 1618 2664 confiteri

356 2685 424 2764 hiis,
448 2685 500 2772 qui
525 2703 598 2750 sunt
613 2685 679 2750 veri
695 2685 790 2750 vestri
815 2705 852 2749 ex
876 2681 988 2750 ordine
1010 2682 1221 2750 confessores.
1261 2684 1345 2751 Alias
1370 2686 1455 2750 enim
1472 2684 1618 2752 confiteri

355 2772 475 2853 talibus,
504 2773 557 2860 qui
585 2793 651 2837 non
680 2771 795 2838 habent
824 2789 1015 2871 potestatem
1039 2770 1223 2838 absolvendi
1246 2795 1315 2852 vos,
1345 2773 1438 2838 etiam
1463 2775 1488 2838 si
1512 2787 1618 2840 essent

355 2858 475 2924 ordinis
499 2859 599 2924 nostri
622 2857 741 2938 fratres,
772 2860 832 2923 nisr
855 2859 959 2944 prius⁴
982 2857 1114 2923 fuissent
1137 2858 1277 2924 claustris
1300 2882 1358 2945 pro
1383 2859 1618 2926 confessoribus

356 2945 494 3033 deputati
511 2944 562 3012 vel
585 2967 603 3010 a
625 2967 678 3011 me
701 2944 865 3026 licenciati,
890 2944 966 3010 nihil
981 2944 1073 3012 valet.
1112 2945 1207 3012 Unde
1231 2957 1262 3012 et
1277 2947 1413 3030 graviter
1458 2945 1617 3013 uniendos

356 3034 465 3100 censui
493 3032 660 3120 quosdam,
689 3033 742 3120 qui
765 3030 804 3098 ad
833 3031 895 3098 hoc
924 3032 1054 3099 claustra
1077 3045 1180 3100 vestra
1203 3033 1327 3100 occulte
1350 3034 1400 3099 vel
1423 2969 1617 3101 clandestine

355 3145 422 3188 non
445 3121 514 3186 sine
536 3122 623 3208 gravi
646 3118 792 3186 scandalo
817 3132 848 3186 et
871 3122 1001 3207 proprio
1025 3119 1164 3207 periculo
1183 3133 1256 3188 sunt
1280 3122 1422 3208 ingressi.
1461 3121 1530 3188 Nec
1553 3134 1616 3188 tur·

356 3208 468 3276 bentur
491 3230 618 3275 sorores
642 3231 680 3274 ex
704 3207 776 3288 hoc,
805 3205 891 3296 quod
914 3209 947 3273 in
971 3207 1222 3274 confessionibus
1251 3208 1364 3276 habere
1389 3231 1456 3274 non
1484 3229 1617 3297 possunt

355 3296 481 3363 solitam
508 3295 692 3363 libertatem.
738 3296 823 3363 Nam
849 3314 953 3450 pptres
982 3297 1092 3377 nostri,
1123 3298 1202 3363 sicut
1230 3297 1384 3384 propheta
1414 3309 1554 3379 testatur,
1585 3299 1616 3364 in

355 3385 531 3472 captivitate
554 3385 649 3471 positi
665 3381 825 3450 dicebant:
883 3406 927 3449 on
947 3396 993 3453 est
1017 3385 1048 3449 in
1072 3396 1218 3471 ternpore
1242 3385 1305 3451 hoc
1328 3387 1473 3472 princeps
1491 3405 1521 3451 et
1545 3408 1617 3472 pro·

355 3471 449 3558 pheta
480 3483 511 3537 et
534 3471 596 3537 dux
626 3494 729 3558 neque
759 3469 956 3536 sacrificium.
1003 3471 1152 3558 Princeps
1180 3471 1341 3553 videlicet,
1370 3495 1434 3560 quo
1462 3483 1617 3553 tueamur,

355 3557 512 3638 sacerdos,
542 3580 605 3645 quo
634 3557 846 3644 purificemur,
874 3558 1043 3643 propheta,
1072 3581 1135 3645 quo
1166 3558 1391 3638 informemur,
1421 3559 1493 3640 dux,
1522 3583 1616 3659 quem

355 3645 515 3709 imitemur
544 3666 647 3730 neque
670 3642 857 3709 sacrificium
880 3667 966 3708 sacra
993 3645 1191 3724 communio,
1220 3668 1281 3732 que
1305 3647 1425 3710 animas
1454 3644 1553 3711 reficit
1577 3644 1619 3710 fa-

355 3743 543 3796 mescentes.
582 3729 817 3796 Nichilominus
841 3748 947 3795 tamen
972 3729 1169 3816 subiungitur
1192 3731 1380 3812 remedium,
1405 3731 1491 3819 quod
1514 3734 1617 3798 vicem

355 3816 497 3903 suppleat
521 3817 666 3881 omnium
690 3817 929 3903 premissorum.
970 3818 1005 3881 ln
1029 3819 1144 3897 anima,
1168 3819 1279 3905 inquit,
1304 3820 1438 3884 contrita
1462 3831 1493 3884 et
1515 3819 1617 3884 humi-

355 3903 447 3969 litatis
464 3926 478 3967 s
502 3905 573 3969 iritu
593 3904 832 3989 suscipiamura
854 3915 896 3983 te,
920 3905 999 3968 sicut
1022 3905 1055 3968 in
1072 3903 1244 3991 nril(l)ibus
1261 3927 1417 3990 agnorum
1441 3906 1616 3990 pinguium.

356 3988 443 4070 Quid
467 3926 508 4055 illi
533 3989 630 4070 deest,
654 3991 707 4077 qui
731 3989 901 4055 adomino
925 3991 1101 4077 suscipitur,
1126 3992 1178 4078 qui
1202 3993 1330 4078 suscipit
1352 4013 1461 4058 servos
1484 4014 1560 4057 suos
1583 3993 1615 4057 in

354 4076 492 4142 bonum!
532 4077 564 4143 O
588 4076 709 4142 bonum
727 4078 833 4141 omnis
857 4076 933 4142 boni
949 4075 1081 4157 bonum,
1105 4079 1173 4166 quis
1198 4079 1274 4144 mihi
1293 4078 1345 4144 det
1361 4080 1559 4165 acquiescere
1583 4080 1615 4144 iu

354 4176 396 4244 te,
420 4175 454 4230 ut
469 4162 634 4230 obliviscar
649 4163 816 4252 aliquando
834 4163 913 4229 mala
937 4165 1021 4229 mea!
1061 4164 1255 4231 Consolatur
1277 4188 1337 4230 nos
1353 4165 1512 4251 gloriosus
1528 4176 1617 4251 pater

355 4252 550 4336 Augustinus
574 4252 606 4315 in
628 4250 708 4316 libro
733 4250 771 4316 de
795 4273 868 4316 vera
891 4251 1045 4337 religione
1069 4250 1190 4317 dicens:
1215 4252 1296 4338 Sepe
1319 4254 1394 4318 sinit
1417 4250 1521 4319 divina
1545 4275 1617 4339 pro·

354 4337 492 4405 videntia
515 4360 571 4424 per
594 4339 728 4426 nimium
757 4337 950 4404 turbulentas
975 4338 1144 4404 carnalium
1175 4339 1344 4405 hominum
1368 4337 1542 4406 seditiones
1566 4363 1617 4405 ex-

354 4425 426 4513 pelli
449 4425 488 4492 de
514 4425 680 4492 christiana
703 4427 952 4512 congregatione
977 4427 1072 4492 etiam
1102 4425 1205 4492 bonos
1229 4428 1324 4494 viros.
1372 4427 1481 4508 Quam
1505 4446 1617 4493 contu-

355 4513 481 4580 meliam
506 4525 537 4580 et
560 4514 705 4580 iniuriam
726 4537 799 4580 cum
822 4515 1053 4602 pacientissime
1077 4537 1135 4601 pro
1152 4513 1283 4580 ecclesie
1307 4537 1382 4602 pace
1405 4515 1534 4581 tulerint
1557 4537 1617 4581 nec

354 4601 430 4666 ullas
447 4602 604 4667 novitates
627 4601 745 4667 heresis
762 4600 811 4667 vel
834 4602 987 4668 scismatis
1008 4602 1110 4668 moliti
1133 4601 1258 4682 fuerint,
1282 4601 1443 4668 docebunt
1459 4602 1616 4682 homines,

355 4711 448 4776 quam
472 4711 548 4754 vero
573 4688 686 4754 affectu
711 4699 742 4754 et
765 4689 943 4755 sinceritate
967 4690 1100 4755 caritatis
1116 4690 1189 4754 Deo
1213 4687 1381 4755 serviendo
1405 4689 1455 4769 sit,
1479 4689 1539 4756 hos
1563 4711 1617 4754 co-

354 4795 446 4842 ronat
469 4777 502 4841 in
519 4774 645 4842 occulto
662 4788 749 4876 pater
772 4777 804 4841 in
821 4776 947 4843 occulto
963 4774 1100 4843 videns.4
1127 4777 1177 4842 De
1192 4775 1358 4864 sepulturis
1375 4787 1501 4843 constet
1516 4775 1616 4856 vobis,

355 4861 442 4949 quod
466 4885 532 4928 non
556 4874 688 4949 potestis
705 4863 840 4950 aliquem
864 4863 996 4950 sepelire
1020 4865 1079 4929 nisi
1102 4886 1248 4930 sororem
1273 4865 1304 4928 in
1321 4862 1462 4944 silencio,
1487 4875 1535 4930 set
1557 4885 1617 4928 nec
