<?xml version="1.0" encoding="UTF-8"?>
<!DOCTYPE html PUBLIC "-//W3C//DTD XHTML 1.0 Transitional//EN"
    "http://www.w3.org/TR/xhtml1/DTD/xhtml1-transitional.dtd">
<html xmlns="http://www.w3.org/1999/xhtml" xml:lang="en" lang="en">
 <head>
  <title>
</title>
<meta http-equiv="Content-Type" content="text/html;charset=utf-8" />
  <meta name='ocr-system' content='tesseract 3.04.00' />
  <meta name='ocr-capabilities' content='ocr_page ocr_carea ocr_par ocr_line ocrx_word'/>
</head>
<body>
  <div class='ocr_page' id='page_1' title='image "./ungedrucktedomi00finkgoog_0091.png"; bbox 0 0 3828 5590; ppageno 0'>
   <div class='ocr_carea' id='block_1_1' title="bbox 347 625 1610 710">
    <p class='ocr_par' dir='ltr' id='par_1_1' title="bbox 347 625 1610 710">
     <span class='ocr_line' id='line_1_1' title="bbox 347 625 1610 710; baseline 0.006 -24"><span class='ocrx_word' id='word_1_1' title='bbox 347 625 389 705; x_wconf 81' lang='lat'><strong>78</strong></span> <span class='ocrx_word' id='word_1_2' title='bbox 935 639 1030 692; x_wconf 84' lang='lat' dir='ltr'><strong>Briele.</strong></span> <span class='ocrx_word' id='word_1_3' title='bbox 1493 642 1514 710; x_wconf 89' lang='lat' dir='ltr'><strong>J.</strong></span> <span class='ocrx_word' id='word_1_4' title='bbox 1537 657 1610 709; x_wconf 77' lang='lat'>¹27²·</span> 
     </span>
    </p>
   </div>
   <div class='ocr_carea' id='block_1_2' title="bbox 346 791 1616 1261">
    <p class='ocr_par' dir='ltr' id='par_1_2' title="bbox 950 791 1003 859">
     <span class='ocr_line' id='line_1_2' title="bbox 950 791 1003 859; baseline -0.019 0"><span class='ocrx_word' id='word_1_5' title='bbox 950 791 1003 859; x_wconf 70' lang='grc'><strong>42.</strong></span> 
     </span>
    </p>

    <p class='ocr_par' dir='ltr' id='par_1_3' title="bbox 346 910 1616 1261">
     <span class='ocr_line' id='line_1_3' title="bbox 404 910 1614 1066; baseline 0.004 -88"><span class='ocrx_word' id='word_1_6' title='bbox 404 919 407 924; x_wconf 88' lang='grc'><strong>’</strong></span> <span class='ocrx_word' id='word_1_7' title='bbox 453 910 536 1000; x_wconf 82' lang='lat' dir='ltr'><strong>(Der</strong></span> <span class='ocrx_word' id='word_1_8' title='bbox 563 913 755 1002; x_wconf 71' lang='lat' dir='ltr'><strong>Prooiuqiol)</strong></span> <span class='ocrx_word' id='word_1_9' title='bbox 784 913 867 978; x_wconf 85' lang='lat' dir='ltr'><strong>bittet</strong></span> <span class='ocrx_word' id='word_1_10' title='bbox 893 915 950 979; x_wconf 82' lang='lat' dir='ltr'><strong>den</strong></span> <span class='ocrx_word' id='word_1_11' title='bbox 977 913 1223 1002; x_wconf 80' lang='lat' dir='ltr'><strong>Ordensgencrol</strong></span> <span class='ocrx_word' id='word_1_12' title='bbox 1249 940 1300 981; x_wconf 78' lang='lat' dir='ltr'><strong>nan</strong></span> <span class='ocrx_word' id='word_1_13' title='bbox 1330 917 1419 1066; x_wconf 60' lang='lat' dir='ltr'><strong>Hillo</strong></span> <span class='ocrx_word' id='word_1_14' title='bbox 1445 941 1541 1004; x_wconf 74' lang='lat' dir='ltr'><strong>gagen</strong></span> <span class='ocrx_word' id='word_1_15' title='bbox 1567 920 1614 983; x_wconf 85' lang='lat' dir='ltr'><strong>die</strong></span> 
     </span>
     <span class='ocr_line' id='line_1_4' title="bbox 347 999 1614 1094; baseline 0.005 -30"><span class='ocrx_word' id='word_1_16' title='bbox 347 1001 506 1086; x_wconf 85' lang='lat' dir='ltr'><strong>Apostotin</strong></span> <span class='ocrx_word' id='word_1_17' title='bbox 527 1000 698 1086; x_wconf 74' lang='lat' dir='ltr'><strong>Willanrgis</strong></span> <span class='ocrx_word' id='word_1_18' title='bbox 719 1023 778 1066; x_wconf 87' lang='lat' dir='ltr'><strong>von</strong></span> <span class='ocrx_word' id='word_1_19' title='bbox 796 999 885 1066; x_wconf 83' lang='lat' dir='ltr'><strong>Stille</strong></span> <span class='ocrx_word' id='word_1_20' title='bbox 900 999 1090 1088; x_wconf 84' lang='lat' dir='ltr'><strong>(lVilbnrgir</strong></span> <span class='ocrx_word' id='word_1_21' title='bbox 1113 1005 1241 1080; x_wconf 77' lang='lat' dir='ltr'><strong>trotnine,</strong></span> <span class='ocrx_word' id='word_1_22' title='bbox 1264 1003 1300 1067; x_wconf 81' lang='lat' dir='ltr'><strong>de</strong></span> <span class='ocrx_word' id='word_1_23' title='bbox 1318 1003 1407 1068; x_wconf 75' lang='lat' dir='ltr'><strong>Stilo</strong></span> <span class='ocrx_word' id='word_1_24' title='bbox 1429 1007 1614 1094; x_wconf 78' lang='lat' dir='ltr'><em>agnomine),</em></span> 
     </span>
     <span class='ocr_line' id='line_1_5' title="bbox 346 1086 1613 1176; baseline 0.003 -25"><span class='ocrx_word' id='word_1_25' title='bbox 346 1086 470 1166; x_wconf 83' lang='lat' dir='ltr'><em>welche,</em></span> <span class='ocrx_word' id='word_1_26' title='bbox 493 1087 639 1152; x_wconf 80' lang='lat' dir='ltr'><strong>noclrdem</strong></span> <span class='ocrx_word' id='word_1_27' title='bbox 661 1089 704 1151; x_wconf 82' lang='lat' dir='ltr'><strong>rie</strong></span> <span class='ocrx_word' id='word_1_28' title='bbox 726 1087 783 1151; x_wconf 87' lang='lat' dir='ltr'><strong>das</strong></span> <span class='ocrx_word' id='word_1_29' title='bbox 799 1087 919 1152; x_wconf 83' lang='lat' dir='ltr'><strong>Kloster</strong></span> <span class='ocrx_word' id='word_1_30' title='bbox 936 1087 980 1152; x_wconf 85' lang='lat' dir='ltr'><strong>St.</strong></span> <span class='ocrx_word' id='word_1_31' title='bbox 999 1087 1152 1153; x_wconf 78' lang='lat' dir='ltr'><em>Elisabeth</em></span> <span class='ocrx_word' id='word_1_32' title='bbox 1175 1087 1222 1152; x_wconf 83' lang='lat' dir='ltr'><strong>bei</strong></span> <span class='ocrx_word' id='word_1_33' title='bbox 1239 1088 1401 1176; x_wconf 83' lang='lat' dir='ltr'><strong>Strossbur</strong></span> <span class='ocrx_word' id='word_1_34' title='bbox 1443 1103 1532 1156; x_wconf 81' lang='lat' dir='ltr'><strong>rtrrter</strong></span> <span class='ocrx_word' id='word_1_35' title='bbox 1547 1091 1613 1157; x_wconf 85' lang='lat' dir='ltr'><strong>dem</strong></span> 
     </span>
     <span class='ocr_line' id='line_1_6' title="bbox 353 1113 1616 1261; baseline 0.004 -24"><span class='ocrx_word' id='word_1_36' title='bbox 353 1173 521 1239; x_wconf 82' lang='lat' dir='ltr'><strong>Vorwondc</strong></span> <span class='ocrx_word' id='word_1_37' title='bbox 542 1196 602 1238; x_wconf 86' lang='lat' dir='ltr'><strong>von</strong></span> <span class='ocrx_word' id='word_1_38' title='bbox 618 1173 786 1238; x_wconf 82' lang='lat' dir='ltr'><strong>Kronkbeit</strong></span> <span class='ocrx_word' id='word_1_39' title='bbox 806 1173 961 1240; x_wconf 81' lang='lat' dir='ltr'><strong>verlassen</strong></span> <span class='ocrx_word' id='word_1_40' title='bbox 984 1175 1049 1238; x_wconf 78' lang='lat' dir='ltr'><strong>arrad</strong></span> <span class='ocrx_word' id='word_1_41' title='bbox 1070 1178 1125 1239; x_wconf 85' lang='lat' dir='ltr'><strong>uait</strong></span> <span class='ocrx_word' id='word_1_42' title='bbox 1147 1178 1241 1240; x_wconf 79' lang='lat' dir='ltr'><strong>einero</strong></span> <span class='ocrx_word' id='word_1_43' title='bbox 1258 1177 1336 1261; x_wconf 67' lang='lat' dir='ltr'><strong>Arqt</strong></span> <span class='ocrx_word' id='word_1_44' title='bbox 1357 1113 1421 1241; x_wconf 69' lang='lat' dir='ltr'><strong>sicli</strong></span> <span class='ocrx_word' id='word_1_45' title='bbox 1442 1177 1616 1244; x_wconf 84' lang='lat' dir='ltr'><strong>verbanden</strong></span> 
     </span>
    </p>
   </div>
   <div class='ocr_carea' id='block_1_3' title="bbox 348 1259 1615 1438">
    <p class='ocr_par' dir='ltr' id='par_1_4' title="bbox 348 1259 1615 1438">
     <span class='ocr_line' id='line_1_7' title="bbox 348 1259 1615 1352; baseline 0.003 -27"><span class='ocrx_word' id='word_1_46' title='bbox 348 1259 435 1342; x_wconf 82' lang='lat' dir='ltr'><em>habe,</em></span> <span class='ocrx_word' id='word_1_47' title='bbox 458 1260 608 1326; x_wconf 80' lang='lat' dir='ltr'><strong>arenntebr</strong></span> <span class='ocrx_word' id='word_1_48' title='bbox 630 1259 679 1325; x_wconf 81' lang='lat' dir='ltr'><strong>ihr</strong></span> <span class='ocrx_word' id='word_1_49' title='bbox 701 1262 748 1325; x_wconf 88' lang='lat' dir='ltr'><strong>ins</strong></span> <span class='ocrx_word' id='word_1_50' title='bbox 769 1259 889 1326; x_wconf 82' lang='lat' dir='ltr'><strong>Kloster</strong></span> <span class='ocrx_word' id='word_1_51' title='bbox 910 1261 1140 1348; x_wconf 78' lang='lat' dir='ltr'><strong>roitgebrncbtes</strong></span> <span class='ocrx_word' id='word_1_52' title='bbox 1162 1261 1239 1327; x_wconf 75' lang='lat' dir='ltr'><strong>Erae</strong></span> <span class='ocrx_word' id='word_1_53' title='bbox 1254 1277 1342 1328; x_wconf 75' lang='lat' dir='ltr'><strong>errator</strong></span> <span class='ocrx_word' id='word_1_54' title='bbox 1357 1263 1481 1330; x_wconf 81' lang='lat' dir='ltr'><strong>ollerlei</strong></span> <span class='ocrx_word' id='word_1_55' title='bbox 1501 1267 1615 1352; x_wconf 79' lang='lat' dir='ltr'><strong>irrigua</strong></span> 
     </span>
     <span class='ocr_line' id='line_1_8' title="bbox 348 1346 1080 1438; baseline 0.003 -26"><span class='ocrx_word' id='word_1_56' title='bbox 348 1347 498 1435; x_wconf 82' lang='lat' dir='ltr'><strong>Angaben</strong></span> <span class='ocrx_word' id='word_1_57' title='bbox 521 1346 791 1434; x_wconf 64' lang='lat' dir='ltr'><strong>auraiclmcrlange.</strong></span> <span class='ocrx_word' id='word_1_58' title='bbox 837 1346 945 1435; x_wconf 85' lang='lat' dir='ltr'><strong>(Nacb</strong></span> <span class='ocrx_word' id='word_1_59' title='bbox 971 1351 1080 1438; x_wconf 85' lang='lat'><em>1270.)</em></span> 
     </span>
    </p>
   </div>
   <div class='ocr_carea' id='block_1_4' title="bbox 455 1556 1457 1628">
    <p class='ocr_par' dir='ltr' id='par_1_5' title="bbox 455 1556 1457 1628">
     <span class='ocr_line' id='line_1_9' title="bbox 455 1556 1457 1628; baseline 0.005 -20"><span class='ocrx_word' id='word_1_60' title='bbox 455 1556 511 1610; x_wconf 88' lang='lat' dir='ltr'><strong>Fol.</strong></span> <span class='ocrx_word' id='word_1_61' title='bbox 532 1571 574 1610; x_wconf 90' lang='lat'><strong>20.</strong></span> <span class='ocrx_word' id='word_1_62' title='bbox 610 1556 691 1610; x_wconf 88' lang='lat' dir='ltr'><strong>Gedr.</strong></span> <span class='ocrx_word' id='word_1_63' title='bbox 711 1558 811 1611; x_wconf 89' lang='lat' dir='ltr'><strong>Ztschr.</strong></span> <span class='ocrx_word' id='word_1_64' title='bbox 831 1556 848 1610; x_wconf 86' lang='lat' dir='ltr'><strong>f.</strong></span> <span class='ocrx_word' id='word_1_65' title='bbox 868 1557 968 1611; x_wconf 88' lang='lat' dir='ltr'><strong>Gesch.</strong></span> <span class='ocrx_word' id='word_1_66' title='bbox 988 1558 1012 1611; x_wconf 90' lang='lat' dir='ltr'><strong>d.</strong></span> <span class='ocrx_word' id='word_1_67' title='bbox 1032 1557 1196 1611; x_wconf 88' lang='lat' dir='ltr'><strong>Oberrheius</strong></span> <span class='ocrx_word' id='word_1_68' title='bbox 1216 1559 1249 1612; x_wconf 88' lang='lat' dir='ltr'><strong>N.</strong></span> <span class='ocrx_word' id='word_1_69' title='bbox 1270 1559 1297 1612; x_wconf 87' lang='lat' dir='ltr'><strong>F.</strong></span> <span class='ocrx_word' id='word_1_70' title='bbox 1316 1560 1350 1624; x_wconf 93' lang='lat' dir='ltr'><strong>V,</strong></span> <span class='ocrx_word' id='word_1_71' title='bbox 1372 1576 1418 1628; x_wconf 83' lang='lat'><strong>535</strong></span> <span class='ocrx_word' id='word_1_72' title='bbox 1440 1560 1457 1613; x_wconf 84' lang='lat' dir='ltr'><strong>l.</strong></span> 
     </span>
    </p>
   </div>
   <div class='ocr_carea' id='block_1_5' title="bbox 961 1746 1013 1813">
    <p class='ocr_par' dir='ltr' id='par_1_6' title="bbox 961 1746 1013 1813">
     <span class='ocr_line' id='line_1_10' title="bbox 961 1746 1013 1813; baseline -0.019 0"><span class='ocrx_word' id='word_1_73' title='bbox 961 1746 1013 1813; x_wconf 76' lang='grc'><strong>43.</strong></span> 
     </span>
    </p>
   </div>
   <div class='ocr_carea' id='block_1_6' title="bbox 455 1866 1617 1958">
    <p class='ocr_par' dir='ltr' id='par_1_7' title="bbox 455 1866 1617 1958">
     <span class='ocr_line' id='line_1_11' title="bbox 455 1866 1617 1958; baseline 0.004 -27"><span class='ocrx_word' id='word_1_74' title='bbox 455 1867 518 1932; x_wconf 83' lang='lat' dir='ltr'><strong>Dic</strong></span> <span class='ocrx_word' id='word_1_75' title='bbox 550 1866 735 1953; x_wconf 79' lang='lat' dir='ltr'><strong>Dt&#39;finitoren</strong></span> <span class='ocrx_word' id='word_1_76' title='bbox 768 1868 820 1932; x_wconf 84' lang='lat' dir='ltr'><strong>der</strong></span> <span class='ocrx_word' id='word_1_77' title='bbox 851 1867 1157 1955; x_wconf 55' lang='lat' dir='ltr'><strong>Provinriolltopitels</strong></span> <span class='ocrx_word' id='word_1_78' title='bbox 1192 1866 1245 1954; x_wconf 66' lang='lat' dir='ltr'><strong>(qn</strong></span> <span class='ocrx_word' id='word_1_79' title='bbox 1282 1870 1388 1958; x_wconf 86' lang='lat' dir='ltr'><strong>Basel)</strong></span> <span class='ocrx_word' id='word_1_80' title='bbox 1427 1871 1516 1936; x_wconf 82' lang='lat' dir='ltr'><strong>teilen</strong></span> <span class='ocrx_word' id='word_1_81' title='bbox 1550 1873 1617 1938; x_wconf 83' lang='lat' dir='ltr'><strong>dem</strong></span> 
     </span>
    </p>
   </div>
   <div class='ocr_carea' id='block_1_7' title="bbox 349 1950 1617 2130">
    <p class='ocr_par' dir='ltr' id='par_1_8' title="bbox 349 1950 1617 2130">
     <span class='ocr_line' id='line_1_12' title="bbox 355 1950 1617 2045; baseline 0.004 -27"><span class='ocrx_word' id='word_1_82' title='bbox 355 1950 603 2039; x_wconf 82' lang='lat' dir='ltr'><strong>Ordensgeaerol</strong></span> <span class='ocrx_word' id='word_1_83' title='bbox 625 1951 791 2040; x_wconf 82' lang='lat' dir='ltr'><strong>(lohannes</strong></span> <span class='ocrx_word' id='word_1_84' title='bbox 828 1953 876 2018; x_wconf 76' lang='lat' dir='ltr'><strong>dte</strong></span> <span class='ocrx_word' id='word_1_85' title='bbox 896 1953 993 2018; x_wconf 84' lang='lat' dir='ltr'><strong>lVohl</strong></span> <span class='ocrx_word' id='word_1_86' title='bbox 1018 1955 1069 2018; x_wconf 81' lang='lat' dir='ltr'><strong>des</strong></span> <span class='ocrx_word' id='word_1_87' title='bbox 1093 1954 1309 2042; x_wconf 79' lang='lat' dir='ltr'><strong>Strossbnrger</strong></span> <span class='ocrx_word' id='word_1_88' title='bbox 1331 1956 1454 2022; x_wconf 75' lang='lat' dir='ltr'><strong>leltors</strong></span> <span class='ocrx_word' id='word_1_89' title='bbox 1477 1955 1617 2045; x_wconf 78' lang='lat' dir='ltr'><strong>(ulrich)</strong></span> 
     </span>
     <span class='ocr_line' id='line_1_13' title="bbox 349 2039 1381 2130; baseline 0.003 -27"><span class='ocrx_word' id='word_1_90' title='bbox 349 2063 421 2124; x_wconf 62' lang='lat' dir='ltr'><strong>{aaa</strong></span> <span class='ocrx_word' id='word_1_91' title='bbox 445 2039 624 2124; x_wconf 62' lang='lat' dir='ltr'><strong>Provinqiol</strong></span> <span class='ocrx_word' id='word_1_92' title='bbox 646 2041 701 2103; x_wconf 87' lang='lat' dir='ltr'><strong>mit</strong></span> <span class='ocrx_word' id='word_1_93' title='bbox 724 2062 765 2103; x_wconf 80' lang='lat' dir='ltr'><strong>atre</strong></span> <span class='ocrx_word' id='word_1_94' title='bbox 809 2039 900 2103; x_wconf 87' lang='lat' dir='ltr'><strong>bitten</strong></span> <span class='ocrx_word' id='word_1_95' title='bbox 924 2064 975 2104; x_wconf 77' lang='lat' dir='ltr'><strong>reru</strong></span> <span class='ocrx_word' id='word_1_96' title='bbox 999 2040 1208 2127; x_wconf 79' lang='lat' dir='ltr'><strong>Restitignng.</strong></span> <span class='ocrx_word' id='word_1_97' title='bbox 1254 2039 1381 2130; x_wconf 89' lang='lat'><em>(1272.)</em></span> 
     </span>
    </p>
   </div>
   <div class='ocr_carea' id='block_1_8' title="bbox 350 2140 1619 2757">
    <p class='ocr_par' dir='ltr' id='par_1_9' title="bbox 350 2140 1619 2757">
     <span class='ocr_line' id='line_1_14' title="bbox 456 2140 1616 2230; baseline 0.002 -21"><span class='ocrx_word' id='word_1_98' title='bbox 456 2141 646 2209; x_wconf 82' lang='lat' dir='ltr'><strong>Venerabili.</strong></span> <span class='ocrx_word' id='word_1_99' title='bbox 699 2140 897 2208; x_wconf 88' lang='lat' dir='ltr'><strong>Diffinitores</strong></span> <span class='ocrx_word' id='word_1_100' title='bbox 932 2143 1056 2228; x_wconf 90' lang='lat' dir='ltr'><strong>capituli</strong></span> <span class='ocrx_word' id='word_1_101' title='bbox 1089 2144 1298 2230; x_wconf 89' lang='lat' dir='ltr'><strong>provincialis.</strong></span> <span class='ocrx_word' id='word_1_102' title='bbox 1352 2145 1437 2210; x_wconf 91' lang='lat' dir='ltr'><strong>Cum</strong></span> <span class='ocrx_word' id='word_1_103' title='bbox 1474 2168 1616 2212; x_wconf 84' lang='lat' dir='ltr'>essemus</span> 
     </span>
     <span class='ocr_line' id='line_1_15' title="bbox 351 2227 1618 2316; baseline 0.002 -22"><span class='ocrx_word' id='word_1_104' title='bbox 351 2230 464 2316; x_wconf 90' lang='lat' dir='ltr'><strong>prioris</strong></span> <span class='ocrx_word' id='word_1_105' title='bbox 479 2227 680 2315; x_wconf 86' lang='lat' dir='ltr'><strong>provincialis</strong></span> <span class='ocrx_word' id='word_1_106' title='bbox 696 2227 810 2295; x_wconf 86' lang='lat' dir='ltr'><strong>solatio</strong></span> <span class='ocrx_word' id='word_1_107' title='bbox 827 2228 966 2294; x_wconf 88' lang='lat' dir='ltr'><strong>destituti</strong></span> <span class='ocrx_word' id='word_1_108' title='bbox 982 2232 1165 2296; x_wconf 91' lang='lat' dir='ltr'><strong>convocatis</strong></span> <span class='ocrx_word' id='word_1_109' title='bbox 1182 2243 1213 2296; x_wconf 91' lang='lat' dir='ltr'><strong>et</strong></span> <span class='ocrx_word' id='word_1_110' title='bbox 1228 2230 1490 2297; x_wconf 88' lang='lat' dir='ltr'><strong>convenientibus</strong></span> <span class='ocrx_word' id='word_1_111' title='bbox 1506 2255 1618 2299; x_wconf 90' lang='lat' dir='ltr'><strong>secun·</strong></span> 
     </span>
     <span class='ocr_line' id='line_1_16' title="bbox 351 2314 1616 2404; baseline 0.002 -22"><span class='ocrx_word' id='word_1_112' title='bbox 351 2315 429 2382; x_wconf 91' lang='lat' dir='ltr'><strong>dum</strong></span> <span class='ocrx_word' id='word_1_113' title='bbox 451 2327 565 2382; x_wconf 87' lang='lat' dir='ltr'><strong>statuta</strong></span> <span class='ocrx_word' id='word_1_114' title='bbox 588 2314 709 2381; x_wconf 87' lang='lat' dir='ltr'>ordinis</span> <span class='ocrx_word' id='word_1_115' title='bbox 732 2314 930 2396; x_wconf 88' lang='lat' dir='ltr'><strong>electoribus,</strong></span> <span class='ocrx_word' id='word_1_116' title='bbox 954 2317 1006 2403; x_wconf 93' lang='lat' dir='ltr'><strong>qui</strong></span> <span class='ocrx_word' id='word_1_117' title='bbox 1026 2314 1182 2382; x_wconf 88' lang='lat' dir='ltr'><strong>debebant</strong></span> <span class='ocrx_word' id='word_1_118' title='bbox 1196 2336 1249 2383; x_wconf 91' lang='lat' dir='ltr'><strong>aut</strong></span> <span class='ocrx_word' id='word_1_119' title='bbox 1271 2330 1419 2404; x_wconf 84' lang='lat' dir='ltr'><strong>poterant</strong></span> <span class='ocrx_word' id='word_1_120' title='bbox 1442 2319 1616 2385; x_wconf 86' lang='lat' dir='ltr'><strong>commodo</strong></span> 
     </span>
     <span class='ocr_line' id='line_1_17' title="bbox 351 2401 1617 2494; baseline 0.002 -25"><span class='ocrx_word' id='word_1_121' title='bbox 351 2404 518 2484; x_wconf 88' lang='lat' dir='ltr'><strong>interesse,</strong></span> <span class='ocrx_word' id='word_1_122' title='bbox 549 2401 588 2470; x_wconf 95' lang='lat' dir='ltr'><strong>ad</strong></span> <span class='ocrx_word' id='word_1_123' title='bbox 617 2402 807 2469; x_wconf 89' lang='lat' dir='ltr'><strong>electionem</strong></span> <span class='ocrx_word' id='word_1_124' title='bbox 838 2405 1052 2490; x_wconf 86' lang='lat' dir='ltr'><strong>processimus</strong></span> <span class='ocrx_word' id='word_1_125' title='bbox 1080 2427 1136 2491; x_wconf 90' lang='lat' dir='ltr'><strong>per</strong></span> <span class='ocrx_word' id='word_1_126' title='bbox 1163 2406 1364 2487; x_wconf 87' lang='lat' dir='ltr'><strong>scrutinium,</strong></span> <span class='ocrx_word' id='word_1_127' title='bbox 1398 2407 1482 2494; x_wconf 91' lang='lat' dir='ltr'><strong>prius</strong></span> <span class='ocrx_word' id='word_1_128' title='bbox 1509 2418 1617 2473; x_wconf 81' lang='lat' dir='ltr'><strong>tamen</strong></span> 
     </span>
     <span class='ocr_line' id='line_1_18' title="bbox 350 2490 1619 2580; baseline 0.002 -22"><span class='ocrx_word' id='word_1_129' title='bbox 350 2493 450 2558; x_wconf 90' lang='lat' dir='ltr'><strong>sancti</strong></span> <span class='ocrx_word' id='word_1_130' title='bbox 466 2492 592 2580; x_wconf 90' lang='lat' dir='ltr'><strong>spiritus</strong></span> <span class='ocrx_word' id='word_1_131' title='bbox 607 2492 707 2577; x_wconf 88' lang='lat' dir='ltr'><strong>gratia</strong></span> <span class='ocrx_word' id='word_1_132' title='bbox 722 2491 876 2558; x_wconf 88' lang='lat' dir='ltr'><strong>invocata.</strong></span> <span class='ocrx_word' id='word_1_133' title='bbox 909 2490 1057 2580; x_wconf 87' lang='lat' dir='ltr'><strong>Cumque</strong></span> <span class='ocrx_word' id='word_1_134' title='bbox 1073 2494 1173 2579; x_wconf 86' lang='lat' dir='ltr'><strong>major</strong></span> <span class='ocrx_word' id='word_1_135' title='bbox 1189 2517 1259 2580; x_wconf 89' lang='lat' dir='ltr'><strong>pars</strong></span> <span class='ocrx_word' id='word_1_136' title='bbox 1275 2492 1347 2561; x_wconf 90' lang='lat' dir='ltr'><strong>licet</strong></span> <span class='ocrx_word' id='word_1_137' title='bbox 1362 2517 1429 2560; x_wconf 91' lang='lat' dir='ltr'><strong>non</strong></span> <span class='ocrx_word' id='word_1_138' title='bbox 1446 2493 1619 2562; x_wconf 83' lang='lat' dir='ltr'><strong>medietas¹</strong></span> 
     </span>
     <span class='ocr_line' id='line_1_19' title="bbox 351 2578 1619 2667; baseline 0.002 -21"><span class='ocrx_word' id='word_1_139' title='bbox 351 2580 541 2667; x_wconf 78' lang='lat' dir='ltr'><strong>eligentium</strong></span> <span class='ocrx_word' id='word_1_140' title='bbox 577 2581 610 2645; x_wconf 92' lang='lat' dir='ltr'><strong>in</strong></span> <span class='ocrx_word' id='word_1_141' title='bbox 640 2578 767 2645; x_wconf 86' lang='lat' dir='ltr'><strong>fratrem</strong></span> <span class='ocrx_word' id='word_1_142' title='bbox 803 2578 983 2667; x_wconf 92' lang='lat' dir='ltr'><strong>Ul(ricum)</strong></span> <span class='ocrx_word' id='word_1_143' title='bbox 1016 2580 1169 2647; x_wconf 90' lang='lat' dir='ltr'><strong>lectorem</strong></span> <span class='ocrx_word' id='word_1_144' title='bbox 1201 2584 1471 2667; x_wconf 89' lang='lat' dir='ltr'><strong>Argentinensem</strong></span> <span class='ocrx_word' id='word_1_145' title='bbox 1507 2583 1619 2650; x_wconf 88' lang='lat' dir='ltr'><strong>oculos</strong></span> 
     </span>
     <span class='ocr_line' id='line_1_20' title="bbox 351 2665 1618 2757; baseline 0.002 -23"><span class='ocrx_word' id='word_1_146' title='bbox 351 2669 578 2748; x_wconf 88' lang='lat' dir='ltr'><strong>convertisset,</strong></span> <span class='ocrx_word' id='word_1_147' title='bbox 607 2665 647 2733; x_wconf 93' lang='lat' dir='ltr'><strong>ad</strong></span> <span class='ocrx_word' id='word_1_148' title='bbox 679 2668 865 2732; x_wconf 90' lang='lat' dir='ltr'><strong>scrutinium</strong></span> <span class='ocrx_word' id='word_1_149' title='bbox 893 2669 1106 2754; x_wconf 90' lang='lat' dir='ltr'><strong>processimus</strong></span> <span class='ocrx_word' id='word_1_150' title='bbox 1135 2669 1258 2735; x_wconf 89' lang='lat' dir='ltr'><strong>iterato.</strong></span> <span class='ocrx_word' id='word_1_151' title='bbox 1309 2669 1387 2750; x_wconf 92' lang='lat' dir='ltr'><strong>Quo</strong></span> <span class='ocrx_word' id='word_1_152' title='bbox 1416 2692 1493 2736; x_wconf 84' lang='lat' dir='ltr'><strong>mox</strong></span> <span class='ocrx_word' id='word_1_153' title='bbox 1520 2669 1618 2757; x_wconf 91' lang='lat' dir='ltr'><strong>publi·</strong></span> 
     </span>
    </p>
   </div>
   <div class='ocr_carea' id='block_1_9' title="bbox 352 2752 1620 3079">
    <p class='ocr_par' dir='ltr' id='par_1_10' title="bbox 352 2752 1620 3079">
     <span class='ocr_line' id='line_1_21' title="bbox 352 2752 1620 2844; baseline 0.002 -23"><span class='ocrx_word' id='word_1_154' title='bbox 352 2767 423 2822; x_wconf 89' lang='lat' dir='ltr'><strong>cato</strong></span> <span class='ocrx_word' id='word_1_155' title='bbox 455 2767 486 2821; x_wconf 93' lang='lat' dir='ltr'><strong>et</strong></span> <span class='ocrx_word' id='word_1_156' title='bbox 509 2754 679 2820; x_wconf 89' lang='lat' dir='ltr'><strong>collatione</strong></span> <span class='ocrx_word' id='word_1_157' title='bbox 705 2752 875 2841; x_wconf 89' lang='lat' dir='ltr'><strong>sequ(u)ta</strong></span> <span class='ocrx_word' id='word_1_158' title='bbox 904 2756 1046 2842; x_wconf 84' lang='lat' dir='ltr'><strong>apperuit</strong></span> <span class='ocrx_word' id='word_1_159' title='bbox 1070 2754 1247 2837; x_wconf 88' lang='lat' dir='ltr'><strong>evidenter,</strong></span> <span class='ocrx_word' id='word_1_160' title='bbox 1279 2755 1366 2844; x_wconf 94' lang='lat' dir='ltr'><strong>quod</strong></span> <span class='ocrx_word' id='word_1_161' title='bbox 1392 2757 1491 2843; x_wconf 91' lang='lat' dir='ltr'><strong>longe</strong></span> <span class='ocrx_word' id='word_1_162' title='bbox 1519 2760 1620 2844; x_wconf 88' lang='lat' dir='ltr'><strong>major</strong></span> 
     </span>
     <span class='ocr_line' id='line_1_22' title="bbox 352 2841 1620 2942; baseline 0.002 -35"><span class='ocrx_word' id='word_1_163' title='bbox 352 2865 422 2941; x_wconf 89' lang='lat' dir='ltr'><strong>pars</strong></span> <span class='ocrx_word' id='word_1_164' title='bbox 445 2841 613 2941; x_wconf 80' lang='lat' dir='ltr'><strong>medietate</strong></span> <span class='ocrx_word' id='word_1_165' title='bbox 641 2842 788 2940; x_wconf 67' lang='lat' dir='ltr'><strong>premium</strong></span> <span class='ocrx_word' id='word_1_166' title='bbox 813 2841 1008 2940; x_wconf 33' lang='lat' dir='ltr'><strong>&#39;eligent-ium</strong></span> <span class='ocrx_word' id='word_1_167' title='bbox 1039 2841 1192 2942; x_wconf 80' lang='lat' dir='ltr'><strong>prefatum</strong></span> <span class='ocrx_word' id='word_1_168' title='bbox 1223 2843 1376 2908; x_wconf 86' lang='lat' dir='ltr'><strong>lectorem</strong></span> <span class='ocrx_word' id='word_1_169' title='bbox 1400 2845 1620 2910; x_wconf 83' lang='lat' dir='ltr'><strong>nominaverat</strong></span> 
     </span>
     <span class='ocr_line' id='line_1_23' title="bbox 352 2925 1618 3079; baseline 0.002 -87"><span class='ocrx_word' id='word_1_170' title='bbox 352 2951 385 2992; x_wconf 87' lang='lat' dir='ltr'><strong>rn</strong></span> <span class='ocrx_word' id='word_1_171' title='bbox 413 2949 568 3014; x_wconf 75' lang='lat' dir='ltr'><strong>priorem,</strong></span> <span class='ocrx_word' id='word_1_172' title='bbox 600 2949 650 2992; x_wconf 88' lang='lat' dir='ltr'><strong>cur</strong></span> <span class='ocrx_word' id='word_1_173' title='bbox 673 2939 835 2992; x_wconf 77' lang='lat' dir='ltr'><strong>consensit</strong></span> <span class='ocrx_word' id='word_1_174' title='bbox 865 2925 985 3013; x_wconf 75' lang='lat' dir='ltr'><strong>placide</strong></span> <span class='ocrx_word' id='word_1_175' title='bbox 1007 2950 1078 3079; x_wconf 88' lang='lat' dir='ltr'><strong>pars</strong></span> <span class='ocrx_word' id='word_1_176' title='bbox 1101 2928 1218 3015; x_wconf 75' lang='lat' dir='ltr'><strong>reliqua</strong></span> <span class='ocrx_word' id='word_1_177' title='bbox 1242 2952 1280 2994; x_wconf 89' lang='lat' dir='ltr'><strong>ex</strong></span> <span class='ocrx_word' id='word_1_178' title='bbox 1302 2941 1376 3030; x_wconf 93' lang='lat' dir='ltr'><strong>post</strong></span> <span class='ocrx_word' id='word_1_179' title='bbox 1398 2927 1492 2995; x_wconf 89' lang='lat' dir='ltr'><strong>facto.</strong></span> <span class='ocrx_word' id='word_1_180' title='bbox 1534 2930 1618 2996; x_wconf 91' lang='lat' dir='ltr'><strong>Cum</strong></span> 
     </span>
    </p>
   </div>
   <div class='ocr_carea' id='block_1_10' title="bbox 352 3013 1621 3602">
    <p class='ocr_par' dir='ltr' id='par_1_11' title="bbox 352 3013 1621 3602">
     <span class='ocr_line' id='line_1_24' title="bbox 352 3013 1618 3101; baseline 0.002 -21"><span class='ocrx_word' id='word_1_181' title='bbox 352 3015 447 3101; x_wconf 90' lang='lat' dir='ltr'><strong>igitur</strong></span> <span class='ocrx_word' id='word_1_182' title='bbox 458 3013 545 3080; x_wconf 90' lang='lat' dir='ltr'><strong>dicto</strong></span> <span class='ocrx_word' id='word_1_183' title='bbox 560 3013 671 3080; x_wconf 86' lang='lat' dir='ltr'><strong>lectori</strong></span> <span class='ocrx_word' id='word_1_184' title='bbox 687 3035 815 3079; x_wconf 89' lang='lat' dir='ltr'><strong>morum</strong></span> <span class='ocrx_word' id='word_1_185' title='bbox 832 3014 992 3094; x_wconf 86' lang='lat' dir='ltr'><strong>honestas,</strong></span> <span class='ocrx_word' id='word_1_186' title='bbox 1020 3016 1181 3081; x_wconf 89' lang='lat' dir='ltr'><strong>itteramm</strong></span> <span class='ocrx_word' id='word_1_187' title='bbox 1198 3017 1332 3082; x_wconf 73' lang='lat' dir='ltr'><strong>sciencia</strong></span> <span class='ocrx_word' id='word_1_188' title='bbox 1348 3027 1380 3081; x_wconf 87' lang='lat' dir='ltr'><strong>et</strong></span> <span class='ocrx_word' id='word_1_189' title='bbox 1391 3017 1455 3083; x_wconf 92' lang='lat' dir='ltr'><strong>vite</strong></span> <span class='ocrx_word' id='word_1_190' title='bbox 1470 3019 1618 3083; x_wconf 85' lang='lat' dir='ltr'><strong>sanctitas</strong></span> 
     </span>
     <span class='ocr_line' id='line_1_25' title="bbox 352 3098 1619 3190; baseline 0.001 -23"><span class='ocrx_word' id='word_1_191' title='bbox 352 3100 554 3187; x_wconf 88' lang='lat' dir='ltr'><strong>suffragetur,</strong></span> <span class='ocrx_word' id='word_1_192' title='bbox 585 3121 646 3188; x_wconf 93' lang='lat' dir='ltr'><strong>que</strong></span> <span class='ocrx_word' id='word_1_193' title='bbox 670 3098 760 3165; x_wconf 93' lang='lat' dir='ltr'><strong>vobis</strong></span> <span class='ocrx_word' id='word_1_194' title='bbox 783 3099 822 3166; x_wconf 93' lang='lat' dir='ltr'><strong>de</strong></span> <span class='ocrx_word' id='word_1_195' title='bbox 851 3099 1043 3167; x_wconf 88' lang='lat' dir='ltr'><strong>habundanti</strong></span> <span class='ocrx_word' id='word_1_196' title='bbox 1075 3101 1240 3168; x_wconf 88' lang='lat' dir='ltr'><strong>referimus</strong></span> <span class='ocrx_word' id='word_1_197' title='bbox 1269 3104 1332 3167; x_wconf 92' lang='lat' dir='ltr'><strong>iam</strong></span> <span class='ocrx_word' id='word_1_198' title='bbox 1356 3104 1505 3190; x_wconf 81' lang='lat' dir='ltr'><strong>expertis,</strong></span> <span class='ocrx_word' id='word_1_199' title='bbox 1536 3105 1619 3170; x_wconf 92' lang='lat' dir='ltr'><strong>vires</strong></span> 
     </span>
     <span class='ocr_line' id='line_1_26' title="bbox 352 3186 1619 3276; baseline 0.002 -22"><span class='ocrx_word' id='word_1_200' title='bbox 352 3210 480 3276; x_wconf 92' lang='lat' dir='ltr'><strong>quoque</strong></span> <span class='ocrx_word' id='word_1_201' title='bbox 496 3186 576 3274; x_wconf 88' lang='lat' dir='ltr'><strong>plus,</strong></span> <span class='ocrx_word' id='word_1_202' title='bbox 599 3209 694 3274; x_wconf 88' lang='lat' dir='ltr'><strong>quam</strong></span> <span class='ocrx_word' id='word_1_203' title='bbox 710 3186 788 3252; x_wconf 92' lang='lat' dir='ltr'><strong>olim</strong></span> <span class='ocrx_word' id='word_1_204' title='bbox 812 3186 985 3274; x_wconf 82' lang='lat' dir='ltr'><strong>putabatur,</strong></span> <span class='ocrx_word' id='word_1_205' title='bbox 1008 3201 1176 3275; x_wconf 89' lang='lat' dir='ltr'><strong>suppetant</strong></span> <span class='ocrx_word' id='word_1_206' title='bbox 1198 3201 1230 3255; x_wconf 90' lang='lat' dir='ltr'><strong>et</strong></span> <span class='ocrx_word' id='word_1_207' title='bbox 1245 3187 1327 3255; x_wconf 87' lang='lat' dir='ltr'><strong>alind</strong></span> <span class='ocrx_word' id='word_1_208' title='bbox 1345 3191 1535 3256; x_wconf 88' lang='lat' dir='ltr'><strong>canonicum</strong></span> <span class='ocrx_word' id='word_1_209' title='bbox 1551 3213 1619 3257; x_wconf 89' lang='lat' dir='ltr'><strong>non</strong></span> 
     </span>
     <span class='ocr_line' id='line_1_27' title="bbox 353 3274 1620 3365; baseline 0.002 -24"><span class='ocrx_word' id='word_1_210' title='bbox 353 3275 494 3355; x_wconf 88' lang='lat' dir='ltr'><strong>obsistat,</strong></span> <span class='ocrx_word' id='word_1_211' title='bbox 517 3274 737 3362; x_wconf 85' lang='lat' dir='ltr'><strong>paternitatem</strong></span> <span class='ocrx_word' id='word_1_212' title='bbox 757 3285 905 3354; x_wconf 88' lang='lat' dir='ltr'><strong>vestram,</strong></span> <span class='ocrx_word' id='word_1_213' title='bbox 929 3298 1002 3340; x_wconf 92' lang='lat' dir='ltr'><strong>cum</strong></span> <span class='ocrx_word' id='word_1_214' title='bbox 1019 3298 1079 3363; x_wconf 88' lang='lat' dir='ltr'><strong>qua</strong></span> <span class='ocrx_word' id='word_1_215' title='bbox 1101 3299 1281 3363; x_wconf 90' lang='lat' dir='ltr'><strong>possumus,</strong></span> <span class='ocrx_word' id='word_1_216' title='bbox 1305 3275 1482 3343; x_wconf 89' lang='lat' dir='ltr'><strong>devocione</strong></span> <span class='ocrx_word' id='word_1_217' title='bbox 1505 3279 1620 3365; x_wconf 89' lang='lat' dir='ltr'><strong>suppli-</strong></span> 
     </span>
     <span class='ocr_line' id='line_1_28' title="bbox 353 3360 1620 3451; baseline 0.002 -22"><span class='ocrx_word' id='word_1_218' title='bbox 353 3364 431 3430; x_wconf 90' lang='lat' dir='ltr'><strong>citer</strong></span> <span class='ocrx_word' id='word_1_219' title='bbox 458 3384 642 3442; x_wconf 83' lang='lat' dir='ltr'><strong>exoramus,</strong></span> <span class='ocrx_word' id='word_1_220' title='bbox 671 3363 817 3448; x_wconf 90' lang='lat' dir='ltr'><strong>quatinus</strong></span> <span class='ocrx_word' id='word_1_221' title='bbox 843 3360 960 3428; x_wconf 92' lang='lat' dir='ltr'><strong>dictam</strong></span> <span class='ocrx_word' id='word_1_222' title='bbox 990 3376 1132 3429; x_wconf 90' lang='lat' dir='ltr'><strong>nostram</strong></span> <span class='ocrx_word' id='word_1_223' title='bbox 1160 3363 1351 3430; x_wconf 89' lang='lat' dir='ltr'><strong>electionem</strong></span> <span class='ocrx_word' id='word_1_224' title='bbox 1380 3363 1512 3451; x_wconf 90' lang='lat' dir='ltr'><strong>provide</strong></span> <span class='ocrx_word' id='word_1_225' title='bbox 1540 3365 1620 3432; x_wconf 85' lang='lat' dir='ltr'><strong>cele-</strong></span> 
     </span>
     <span class='ocr_line' id='line_1_29' title="bbox 353 3447 1621 3536; baseline 0.002 -21"><span class='ocrx_word' id='word_1_226' title='bbox 353 3449 472 3516; x_wconf 88' lang='lat' dir='ltr'><strong>bratam</strong></span> <span class='ocrx_word' id='word_1_227' title='bbox 495 3448 604 3515; x_wconf 83' lang='lat' dir='ltr'><strong>favore</strong></span> <span class='ocrx_word' id='word_1_228' title='bbox 619 3447 768 3514; x_wconf 91' lang='lat' dir='ltr'><strong>benivolo</strong></span> <span class='ocrx_word' id='word_1_229' title='bbox 792 3461 1020 3535; x_wconf 90' lang='lat' dir='ltr'><strong>prosequentes</strong></span> <span class='ocrx_word' id='word_1_230' title='bbox 1045 3452 1159 3516; x_wconf 90' lang='lat' dir='ltr'><strong>curetis</strong></span> <span class='ocrx_word' id='word_1_231' title='bbox 1182 3450 1375 3536; x_wconf 85' lang='lat' dir='ltr'><strong>benignitate</strong></span> <span class='ocrx_word' id='word_1_232' title='bbox 1398 3451 1490 3518; x_wconf 89' lang='lat' dir='ltr'><strong>solita</strong></span> <span class='ocrx_word' id='word_1_233' title='bbox 1505 3452 1621 3518; x_wconf 87' lang='lat' dir='ltr'><strong>confir-</strong></span> 
     </span>
     <span class='ocr_line' id='line_1_30' title="bbox 355 3535 1154 3602; baseline 0 0"><span class='ocrx_word' id='word_1_234' title='bbox 355 3559 451 3602; x_wconf 89' lang='lat' dir='ltr'><strong>mare.</strong></span> <span class='ocrx_word' id='word_1_235' title='bbox 498 3535 679 3601; x_wconf 85' lang='lat' dir='ltr'><strong>Electorum</strong></span> <span class='ocrx_word' id='word_1_236' title='bbox 703 3547 808 3601; x_wconf 90' lang='lat' dir='ltr'><strong>autem</strong></span> <span class='ocrx_word' id='word_1_237' title='bbox 833 3535 891 3600; x_wconf 81' lang='lat' dir='ltr'><strong>lrec</strong></span> <span class='ocrx_word' id='word_1_238' title='bbox 915 3548 989 3602; x_wconf 90' lang='lat' dir='ltr'><strong>sunt</strong></span> <span class='ocrx_word' id='word_1_239' title='bbox 1013 3539 1154 3602; x_wconf 87' lang='lat' dir='ltr'><strong>nomina.</strong></span> 
     </span>
    </p>
   </div>
   <div class='ocr_carea' id='block_1_11' title="bbox 358 3677 670 3686">
    <p class='ocr_par' dir='ltr' id='par_1_12' title="bbox 358 3677 670 3686">
     <span class='ocr_line' id='line_1_31' title="bbox 358 3677 670 3686; baseline -0.006 -1"><span class='ocrx_word' id='word_1_240' title='bbox 358 3677 559 3686; x_wconf 41' lang='grc' dir='ltr'><strong>..οφ-ψ*</strong></span> <span class='ocrx_word' id='word_1_241' title='bbox 568 3677 670 3684; x_wconf 72' lang='lat'><strong>.—---</strong></span> 
     </span>
    </p>
   </div>
   <div class='ocr_carea' id='block_1_12' title="bbox 461 3741 704 3795">
    <p class='ocr_par' dir='ltr' id='par_1_13' title="bbox 461 3741 704 3795">
     <span class='ocr_line' id='line_1_32' title="bbox 461 3741 704 3795; baseline 0.004 -1"><span class='ocrx_word' id='word_1_242' title='bbox 461 3751 470 3780; x_wconf 92' lang='lat'><strong>¹</strong></span> <span class='ocrx_word' id='word_1_243' title='bbox 490 3741 634 3794; x_wconf 89' lang='lat' dir='ltr'><strong>medietate</strong></span> <span class='ocrx_word' id='word_1_244' title='bbox 653 3741 704 3795; x_wconf 88' lang='lat' dir='ltr'><strong>HS.</strong></span> 
     </span>
    </p>
   </div>
   <div class='ocr_carea' id='block_1_13' title="bbox 356 3913 1621 4070">
    <p class='ocr_par' dir='ltr' id='par_1_14' title="bbox 356 3913 1621 4070">
     <span class='ocr_line' id='line_1_33' title="bbox 461 3913 1621 3989; baseline 0.003 -23"><span class='ocrx_word' id='word_1_245' title='bbox 461 3914 517 3968; x_wconf 87' lang='lat' dir='ltr'><strong>Fol.</strong></span> <span class='ocrx_word' id='word_1_246' title='bbox 540 3913 607 3968; x_wconf 72' lang='lat' dir='ltr'>16V.</span> <span class='ocrx_word' id='word_1_247' title='bbox 645 3914 737 3966; x_wconf 87' lang='lat' dir='ltr'><strong>Ulrich</strong></span> <span class='ocrx_word' id='word_1_248' title='bbox 755 3914 846 3967; x_wconf 91' lang='lat' dir='ltr'><strong>wurde</strong></span> <span class='ocrx_word' id='word_1_249' title='bbox 868 3929 934 3982; x_wconf 87' lang='lat'>1272</span> <span class='ocrx_word' id='word_1_250' title='bbox 954 3913 1001 3965; x_wconf 82' lang='lat' dir='ltr'><strong>aui</strong></span> <span class='ocrx_word' id='word_1_251' title='bbox 1016 3913 1078 3965; x_wconf 89' lang='lat' dir='ltr'><strong>dem</strong></span> <span class='ocrx_word' id='word_1_252' title='bbox 1098 3915 1341 3986; x_wconf 83' lang='lat' dir='ltr'><strong>Provinziallrapitel</strong></span> <span class='ocrx_word' id='word_1_253' title='bbox 1361 3935 1392 3968; x_wconf 89' lang='lat' dir='ltr'><strong>zu</strong></span> <span class='ocrx_word' id='word_1_254' title='bbox 1407 3917 1484 3989; x_wconf 82' lang='lat' dir='ltr'><strong>Basel</strong></span> <span class='ocrx_word' id='word_1_255' title='bbox 1502 3919 1621 3986; x_wconf 75' lang='lat' dir='ltr'><strong>gewiltlt</strong></span> 
     </span>
     <span class='ocr_line' id='line_1_34' title="bbox 356 3991 1545 4070; baseline 0.002 -16"><span class='ocrx_word' id='word_1_256' title='bbox 356 4000 409 4054; x_wconf 89' lang='lat' dir='ltr'><strong>und</strong></span> <span class='ocrx_word' id='word_1_257' title='bbox 430 4015 496 4068; x_wconf 85' lang='lat'>1277</span> <span class='ocrx_word' id='word_1_258' title='bbox 516 4001 668 4054; x_wconf 86' lang='lat' dir='ltr'><strong>absolviert.</strong></span> <span class='ocrx_word' id='word_1_259' title='bbox 704 3991 778 4053; x_wconf 80' lang='lat' dir='ltr'><strong>Uber</strong></span> <span class='ocrx_word' id='word_1_260' title='bbox 796 4001 842 4052; x_wconf 84' lang='lat' dir='ltr'><strong>iim</strong></span> <span class='ocrx_word' id='word_1_261' title='bbox 861 4001 913 4052; x_wconf 90' lang='lat' dir='ltr'><strong>und</strong></span> <span class='ocrx_word' id='word_1_262' title='bbox 933 4001 1007 4052; x_wconf 87' lang='lat' dir='ltr'><strong>seine</strong></span> <span class='ocrx_word' id='word_1_263' title='bbox 1026 4000 1123 4053; x_wconf 79' lang='lat' dir='ltr'><strong>Werke</strong></span> <span class='ocrx_word' id='word_1_264' title='bbox 1143 4001 1196 4070; x_wconf 89' lang='lat' dir='ltr'><strong>vgl.</strong></span> <span class='ocrx_word' id='word_1_265' title='bbox 1216 4001 1428 4062; x_wconf 72' lang='lat' dir='ltr'><strong>Queat-ectum</strong></span> <span class='ocrx_word' id='word_1_266' title='bbox 1447 4003 1466 4068; x_wconf 94' lang='lat'><strong>1,</strong></span> <span class='ocrx_word' id='word_1_267' title='bbox 1488 4002 1545 4070; x_wconf 83' lang='lat'>356.</span> 
     </span>
    </p>
   </div>
   <div class='ocr_carea' id='block_1_14' title="bbox 962 4205 1016 4274">
    <p class='ocr_par' dir='ltr' id='par_1_15' title="bbox 962 4205 1016 4274">
     <span class='ocr_line' id='line_1_35' title="bbox 962 4205 1016 4274; baseline -0.037 0"><span class='ocrx_word' id='word_1_268' title='bbox 962 4205 1016 4274; x_wconf 79' lang='grc'><strong>44.</strong></span> 
     </span>
    </p>
   </div>
   <div class='ocr_carea' id='block_1_15' title="bbox 352 4327 1624 4786">
    <p class='ocr_par' dir='ltr' id='par_1_16' title="bbox 352 4327 1624 4786">
     <span class='ocr_line' id='line_1_36' title="bbox 461 4327 1622 4416; baseline 0.002 -23"><span class='ocrx_word' id='word_1_269' title='bbox 461 4328 497 4393; x_wconf 88' lang='lat' dir='ltr'><strong>ln</strong></span> <span class='ocrx_word' id='word_1_270' title='bbox 526 4330 620 4392; x_wconf 81' lang='lat' dir='ltr'><strong>cinam</strong></span> <span class='ocrx_word' id='word_1_271' title='bbox 652 4331 778 4414; x_wconf 64' lang='lat' dir='ltr'><strong>(weitai</strong></span> <span class='ocrx_word' id='word_1_272' title='bbox 810 4327 969 4394; x_wconf 82' lang='lat' dir='ltr'><strong>Schreiben</strong></span> <span class='ocrx_word' id='word_1_273' title='bbox 997 4327 1089 4393; x_wconf 85' lang='lat' dir='ltr'><strong>bitten</strong></span> <span class='ocrx_word' id='word_1_274' title='bbox 1116 4328 1164 4393; x_wconf 80' lang='lat' dir='ltr'><strong>die</strong></span> <span class='ocrx_word' id='word_1_275' title='bbox 1185 4329 1371 4416; x_wconf 77' lang='lat' dir='ltr'><strong>Difinitoren</strong></span> <span class='ocrx_word' id='word_1_276' title='bbox 1397 4331 1454 4394; x_wconf 84' lang='lat' dir='ltr'><strong>den</strong></span> <span class='ocrx_word' id='word_1_277' title='bbox 1486 4329 1622 4396; x_wconf 82' lang='lat' dir='ltr'><strong>Ordeus-</strong></span> 
     </span>
     <span class='ocr_line' id='line_1_37' title="bbox 352 4411 1622 4504; baseline 0.001 -23"><span class='ocrx_word' id='word_1_278' title='bbox 352 4415 481 4504; x_wconf 82' lang='lat' dir='ltr'><strong>gcneral</strong></span> <span class='ocrx_word' id='word_1_279' title='bbox 496 4411 676 4503; x_wconf 75' lang='lat' dir='ltr'><strong>(Iohannes)</strong></span> <span class='ocrx_word' id='word_1_280' title='bbox 699 4439 752 4480; x_wconf 78' lang='lat' dir='ltr'><strong>aem</strong></span> <span class='ocrx_word' id='word_1_281' title='bbox 774 4416 974 4502; x_wconf 76' lang='lat' dir='ltr'><strong>Bestcitigung</strong></span> <span class='ocrx_word' id='word_1_282' title='bbox 996 4415 1049 4482; x_wconf 84' lang='lat' dir='ltr'><strong>der</strong></span> <span class='ocrx_word' id='word_1_283' title='bbox 1070 4415 1165 4481; x_wconf 80' lang='lat' dir='ltr'><strong>Wolal</strong></span> <span class='ocrx_word' id='word_1_284' title='bbox 1185 4416 1305 4482; x_wconf 82' lang='lat' dir='ltr'><strong>Ulra&#39;cbs</strong></span> <span class='ocrx_word' id='word_1_285' title='bbox 1327 4417 1392 4483; x_wconf 84' lang='lat' dir='ltr'><strong>und</strong></span> <span class='ocrx_word' id='word_1_286' title='bbox 1413 4441 1465 4484; x_wconf 80' lang='lat' dir='ltr'><strong>arnt</strong></span> <span class='ocrx_word' id='word_1_287' title='bbox 1484 4416 1622 4485; x_wconf 75' lang='lat' dir='ltr'><strong>Zurticle·</strong></span> 
     </span>
     <span class='ocr_line' id='line_1_38' title="bbox 354 4502 1624 4679; baseline 0.002 -111"><span class='ocrx_word' id='word_1_288' title='bbox 354 4525 491 4676; x_wconf 55' lang='lat' dir='ltr'><strong>alq‘e&#39;tppiqg</strong></span> <span class='ocrx_word' id='word_1_289' title='bbox 512 4502 809 4679; x_wconf 46' lang='lat' dir='ltr'><strong>spg&#39;qqrijlblcbnang</strong></span> <span class='ocrx_word' id='word_1_290' title='bbox 831 4515 919 4569; x_wconf 74' lang='lat' dir='ltr'><strong>creater</strong></span> <span class='ocrx_word' id='word_1_291' title='bbox 942 4503 1113 4570; x_wconf 82' lang='lat' dir='ltr'><strong>basonderm</strong></span> <span class='ocrx_word' id='word_1_292' title='bbox 1132 4503 1271 4569; x_wconf 85' lang='lat' dir='ltr'><strong>Hiaweis</strong></span> <span class='ocrx_word' id='word_1_293' title='bbox 1293 4506 1355 4593; x_wconf 85' lang='lat' dir='ltr'><strong>aus</strong></span> <span class='ocrx_word' id='word_1_294' title='bbox 1373 4505 1429 4570; x_wconf 85' lang='lat' dir='ltr'><strong>dos</strong></span> <span class='ocrx_word' id='word_1_295' title='bbox 1451 4503 1624 4572; x_wconf 77' lang='lat' dir='ltr'><strong>kortrmeade</strong></span> 
     </span>
     <span class='ocr_line' id='line_1_39' title="bbox 460 4644 1624 4786; baseline 0.001 -25"><span class='ocrx_word' id='word_1_296' title='bbox 460 4644 561 4762; x_wconf 81' lang='lat' dir='ltr'><strong>Iidem</strong></span> <span class='ocrx_word' id='word_1_297' title='bbox 578 4694 692 4762; x_wconf 89' lang='lat' dir='ltr'><strong>eidem.</strong></span> <span class='ocrx_word' id='word_1_298' title='bbox 732 4695 816 4762; x_wconf 89' lang='lat' dir='ltr'><strong>Cum</strong></span> <span class='ocrx_word' id='word_1_299' title='bbox 840 4707 969 4762; x_wconf 90' lang='lat' dir='ltr'><strong>auctore</strong></span> <span class='ocrx_word' id='word_1_300' title='bbox 987 4696 1059 4762; x_wconf 92' lang='lat' dir='ltr'><strong>Deo</strong></span> <span class='ocrx_word' id='word_1_301' title='bbox 1084 4708 1115 4763; x_wconf 92' lang='lat' dir='ltr'><strong>et</strong></span> <span class='ocrx_word' id='word_1_302' title='bbox 1137 4695 1348 4782; x_wconf 89' lang='lat' dir='ltr'><strong>gubernatore</strong></span> <span class='ocrx_word' id='word_1_303' title='bbox 1364 4695 1503 4777; x_wconf 86' lang='lat' dir='ltr'><strong>fratrem,</strong></span> <span class='ocrx_word' id='word_1_304' title='bbox 1527 4720 1624 4786; x_wconf 92' lang='lat' dir='ltr'><strong>quem</strong></span> 
     </span>
    </p>
   </div>
   <div class='ocr_carea' id='block_1_16' title="bbox 355 4783 1625 4957">
    <p class='ocr_par' dir='ltr' id='par_1_17' title="bbox 355 4783 1625 4957">
     <span class='ocr_line' id='line_1_40' title="bbox 355 4783 1623 4872; baseline 0.001 -23"><span class='ocrx_word' id='word_1_305' title='bbox 355 4784 450 4850; x_wconf 87' lang='lat' dir='ltr'><strong>etiam</strong></span> <span class='ocrx_word' id='word_1_306' title='bbox 481 4806 540 4850; x_wconf 89' lang='lat' dir='ltr'><strong>vos</strong></span> <span class='ocrx_word' id='word_1_307' title='bbox 564 4806 622 4870; x_wconf 94' lang='lat' dir='ltr'><strong>pro</strong></span> <span class='ocrx_word' id='word_1_308' title='bbox 652 4784 716 4850; x_wconf 90' lang='lat' dir='ltr'><strong>vite</strong></span> <span class='ocrx_word' id='word_1_309' title='bbox 745 4791 777 4850; x_wconf 81' lang='lat' dir='ltr'><strong>et&#39;</strong></span> <span class='ocrx_word' id='word_1_310' title='bbox 799 4784 898 4870; x_wconf 88' lang='lat' dir='ltr'><strong>gratie</strong></span> <span class='ocrx_word' id='word_1_311' title='bbox 922 4785 1042 4850; x_wconf 89' lang='lat' dir='ltr'><strong>meritis</strong></span> <span class='ocrx_word' id='word_1_312' title='bbox 1065 4783 1215 4850; x_wconf 87' lang='lat' dir='ltr'><strong>dilexistis</strong></span> <span class='ocrx_word' id='word_1_313' title='bbox 1243 4783 1355 4851; x_wconf 84' lang='lat' dir='ltr'><strong>affectu</strong></span> <span class='ocrx_word' id='word_1_314' title='bbox 1380 4797 1412 4851; x_wconf 89' lang='lat' dir='ltr'><strong>et</strong></span> <span class='ocrx_word' id='word_1_315' title='bbox 1435 4784 1562 4872; x_wconf 91' lang='lat' dir='ltr'><strong>diligitis</strong></span> <span class='ocrx_word' id='word_1_316' title='bbox 1592 4787 1623 4850; x_wconf 91' lang='lat' dir='ltr'><strong>iu</strong></span> 
     </span>
     <span class='ocr_line' id='line_1_41' title="bbox 356 4869 1625 4957; baseline 0.002 -23"><span class='ocrx_word' id='word_1_317' title='bbox 356 4869 490 4935; x_wconf 90' lang='lat' dir='ltr'><strong>domino</strong></span> <span class='ocrx_word' id='word_1_318' title='bbox 506 4869 632 4956; x_wconf 88' lang='lat' dir='ltr'><strong>speciali</strong></span> <span class='ocrx_word' id='word_1_319' title='bbox 656 4882 819 4957; x_wconf 89' lang='lat' dir='ltr'><strong>tamquam</strong></span> <span class='ocrx_word' id='word_1_320' title='bbox 835 4872 925 4935; x_wconf 89' lang='lat' dir='ltr'><strong>omui</strong></span> <span class='ocrx_word' id='word_1_321' title='bbox 949 4872 1136 4956; x_wconf 86' lang='lat' dir='ltr'><strong>exceptione</strong></span> <span class='ocrx_word' id='word_1_322' title='bbox 1160 4872 1324 4956; x_wconf 65' lang='lat' dir='ltr'><strong>interiorem,</strong></span> <span class='ocrx_word' id='word_1_323' title='bbox 1348 4873 1380 4936; x_wconf 90' lang='lat' dir='ltr'><strong>in</strong></span> <span class='ocrx_word' id='word_1_324' title='bbox 1397 4871 1625 4957; x_wconf 88' lang='lat' dir='ltr'><strong>provincialem</strong></span> 
     </span>
    </p>
   </div>
   <div class='ocr_carea' id='block_1_17' title="bbox 0 0 1933 5590">
    <p class='ocr_par' dir='ltr' id='par_1_18' title="bbox 0 0 1933 5590">
     <span class='ocr_line' id='line_1_42' title="bbox 0 0 1933 5590; baseline 0 0"><span class='ocrx_word' id='word_1_325' title='bbox 0 0 1933 5590; x_wconf 95' lang='lat' dir='ltr'><strong> </strong></span> 
     </span>
    </p>
   </div>
  </div>
 </body>
</html>
