3822 5592
1501 571 1524 639 J.
1547 583 1621 637 ¹275·
1669 600 1671 604 ·

964 739 1013 805 llll.

463 860 642 946 Prouinqiol
665 857 805 948 (Uirich)
829 859 893 925 teilt
916 860 982 924 dero
1006 860 1096 925 Prior
1126 860 1176 926 des
1200 859 1433 926 Holberstiidter
1457 859 1623 926 Konventes

359 949 423 1026 ertit,
448 969 481 1012 er
503 946 579 1012 bobr
601 946 658 1010 den
681 945 817 1032 dortigen
844 945 988 1033 Subprior
1012 947 1066 1010 mit
1089 946 1142 1011 der
1168 946 1341 1032 Grtindung
1363 946 1413 1011 des
1437 945 1570 1011 Klosters
1593 949 1622 1012 in

358 1031 511 1118 Prenqlau
535 1031 723 1120 beoeestrogt‚
747 1031 811 1096 tend
831 1031 959 1097 schreibt
982 1030 1055 1096 ether
1077 1034 1156 1096 seine
1181 1031 1373 1098 Gesondheit.
1421 1027 1547 1121 (1275.)

462 1168 667 1237 Provincialis
697 1169 793 1256 priori
822 1167 1088 1236 Halberstadensi.
1134 1169 1309 1236 Karissimo
1342 1181 1373 1236 et
1401 1167 1489 1234 infra.
1540 1169 1625 1249 Quia

357 1258 390 1322 in
414 1254 590 1337 Prinzlaua‚
617 1254 750 1322 meliore
773 1254 918 1322 videlicet
942 1265 1024 1321 terra
1048 1267 1079 1322 et
1106 1257 1230 1322 civitate
1258 1255 1494 1322 marchionatus
1516 1277 1625 1322 versus

358 1340 572 1430 Po(r)zwalc,
605 1341 681 1408 utile
710 1339 801 1409 valde
825 1359 856 1408 et
885 1341 1097 1408 necessarium
1121 1342 1224 1409 visum
1249 1354 1297 1409 est
1324 1343 1464 1429 recipere
1491 1339 1623 1408 domum

358 1451 470 1509 unam,
500 1429 581 1495 sicut
603 1429 690 1516 prior
713 1427 874 1494 Hildensis
897 1426 988 1495 vobis
1018 1450 1178 1516 exponere
1208 1429 1325 1516 poterit
1347 1431 1418 1496 viva
1440 1450 1536 1509 voce,
1564 1429 1624 1494 iant

358 1514 467 1581 fratres
501 1513 573 1580 illuc
612 1513 768 1615 quosdam
803 1513 921 1580 electos
960 1512 1000 1579 ad
1036 1513 1260 1602 capessendam
1299 1513 1404 1580 datam
1442 1515 1520 1601 ipsis
1553 1537 1625 1580 cum

359 1600 451 1666 bonis
479 1619 510 1667 et
541 1599 648 1666 multis
679 1597 809 1668 edificiis
837 1623 943 1667 aream
971 1598 1135 1667 destinavi.
1180 1599 1232 1667 Ad
1260 1599 1346 1690 quod
1376 1599 1543 1667 reverendi
1569 1601 1626 1667 viri

358 1689 480 1774 priores
509 1687 724 1773 circumpositi
756 1708 848 1786 supra
875 1687 1027 1753 virtutem
1058 1686 1226 1754 voluntarii
1260 1699 1334 1755 sunt
1365 1688 1498 1774 reperti,
1532 1686 1626 1753 nichil

358 1773 542 1840 arbitrantes
562 1774 718 1839 terminos
739 1783 894 1852 amittere,
918 1774 1092 1839 necessaria
1115 1772 1257 1860 prebere,
1280 1772 1389 1840 trahes
1412 1772 1471 1839 sibi
1495 1772 1626 1840 dilectos

358 1859 430 1926 illuc
459 1860 603 1940 mittere,
636 1881 717 1946 quos
747 1863 799 1925 vix
828 1881 968 1946 unquam
998 1881 1032 1924 se
1062 1877 1226 1926 autumant
1258 1871 1452 1946 recepturos.
1505 1860 1625 1926 Verum

351 1947 430 2035 ¹quia
453 1946 535 2012 inter
558 1963 697 2026 ceteros,
728 1945 781 2032 qui
805 1942 844 2011 ad
867 1957 1055 2012 structuram
1078 1945 1267 2012 tabernaculi
1290 1948 1322 2012 in
1347 1944 1480 2012 cordum
1509 1945 1626 2046 simpli-

359 2034 452 2100 citate
482 2043 514 2098 et
543 2031 644 2098 leticia
675 2030 872 2113 otulerunt,
905 2031 983 2098 mihi
1016 2030 1056 2099 de
1084 2045 1187 2099 vestra
1220 2032 1414 2120 benignitate
1443 2031 1627 2120 relinquatur

358 2119 491 2221 amplius
519 2053 783 2206 presumendum,
812 2141 850 2184 ex
873 2119 968 2186 vestri
996 2119 1159 2205 regiminis
1183 2117 1311 2186 officina
1334 2117 1492 2208 quendam
1517 2119 1626 2186 sustuli

358 2204 494 2294 lapidem
518 2204 719 2358 angularem,
748 2223 889 2272 vestrum
917 2204 1036 2272 scilicet
1063 2207 1280 2293 suppriorem‚
1310 2207 1455 2294 quatinus
1483 2205 1626 2273 fratribus

358 2291 521 2360 mittendis
549 2291 621 2359 iluc
645 2294 728 2358 iuxta
759 2291 863 2360 datam
891 2291 949 2358 sibi
978 2291 1121 2359 intendat
1148 2295 1296 2379 gratiam,
1328 2315 1368 2361 ne
1391 2291 1519 2380 pusillus
1549 2315 1627 2380 grex

358 2381 562 2449 convenienti
586 2379 666 2447 duce
690 2392 721 2447 et
746 2432 752 2446 .
779 2432 785 2446 .
811 2432 818 2447 .
843 2379 989 2467 populus,
1013 2378 1089 2447 dum
1114 2403 1170 2468 per
1193 2392 1311 2448 turmas
1331 2379 1501 2467 egreditur,
1525 2390 1626 2446 careat

357 2479 554 2556 preceptore.
590 2467 805 2535 Dilectionem
829 2468 924 2554 igitur
939 2479 1076 2535 vestram
1100 2489 1182 2554 rogo
1207 2487 1238 2534 et
1255 2466 1407 2534 exhortor
1430 2469 1462 2533 in
1480 2465 1626 2547 domino,

358 2557 504 2644 quatinus
528 2555 662 2622 caritatis
686 2553 802 2642 poculo
826 2565 1005 2642 soporatus,
1029 2577 1091 2642 que
1114 2554 1289 2622 secundum
1313 2553 1493 2642 apostolum
1518 2555 1626 2620 omnia

358 2641 467 2723 credit,
483 2661 597 2730 sperat,
613 2643 746 2708 sustinet
759 2642 885 2729 paciens
896 2652 927 2708 et
939 2641 1075 2729 benigna
1088 2664 1182 2729 super
1198 2641 1358 2708 ablacione
1371 2653 1460 2708 coste
1472 2640 1626 2728 spiritalis,

357 2753 419 2818 que
448 2728 487 2796 de
516 2728 612 2795 latere
639 2740 746 2795 vestro
774 2729 909 2816 rapitur,
943 2728 1089 2795 dolorem
1120 2730 1284 2808 nesciatis,
1317 2751 1413 2816 quem
1440 2727 1625 2815 plerumque

358 2816 513 2902 separatio
542 2815 686 2880 continui
713 2825 892 2900 operatur.
918 2865 924 2879 .
951 2866 958 2880 .
984 2815 1135 2880 Ceterum
1165 2816 1290 2881 noverit
1318 2813 1494 2880 affectionis
1521 2832 1625 2878 vestre

358 2901 530 2980 sinceritas,
554 2897 641 2988 quod
663 2900 747 2964 iuxta
770 2897 903 2964 modum
929 2923 1037 2965 meum
1061 2899 1165 2966 valere
1188 2922 1241 2964 me
1265 2898 1370 2964 iudico
1395 2909 1624 2984 competenter.

358 2987 397 3053 Et
419 2987 445 3052 si
464 2986 496 3051 in
520 2983 579 3050 hiis
603 2982 769 3072 aliquando
786 2985 932 3050 invenior
955 2987 1060 3051 minus
1083 2985 1211 3066 habens,
1235 3007 1291 3072 pre
1306 2982 1423 3071 gaudio
1447 3005 1536 3070 spem
1557 3005 1623 3048 non

358 3071 516 3162 appendo,
533 3093 672 3158 sperans,
688 3069 774 3158 quod
791 3093 858 3136 non
874 3072 914 3137 sit
929 3073 1030 3137 inanis
1047 3073 1078 3137 in
1096 3070 1230 3138 domino
1246 3070 1334 3138 labor
1349 3088 1468 3137 noster.
1493 3069 1623 3136 Utinam

359 3179 390 3228 et
412 3181 472 3227 vos
496 3157 622 3226 valeatis
647 3175 677 3225 et
699 3158 810 3225 vivatis
833 3180 889 3245 per
911 3169 1056 3246 tempora
1079 3157 1233 3246 longiora.
1281 3157 1401 3225 Valete.

359 3286 527 3294 ---.-..-.-.-..
533 3286 562 3292 -..
570 3285 674 3292 -..ι-..-

466 3331 522 3386 Fol.
546 3330 628 3385 126v.

968 3487 1015 3556 67.

468 3627 536 3692 Der
558 3625 736 3712 Provinqial
758 3626 852 3693 todelt
876 3629 970 3692 tinem
994 3627 1083 3692 Prior
1103 3626 1272 3713 gegemiber
1299 3627 1346 3691 die
1368 3625 1547 3700 Aufnohme
1568 3648 1626 3691 oon

360 3712 815 3813 orangelhost'Unterrichteten
838 3713 903 3777 und
922 3712 1002 3800 giebt
1017 3713 1079 3799 sair
1102 3713 1158 3778 dere
1176 3712 1255 3778 Sohn
1279 3712 1329 3777 des
1349 3711 1555 3778 Wohlthriters
1577 3711 1627 3776 des

361 3799 496 3864 Klosters
518 3799 658 3886 Dispens.
705 3795 782 3886 (Um
809 3799 917 3888 1275.)

467 3919 671 3986 Provincialis
683 3919 789 4007 priori.
813 3918 1012 3998 Quibusdam
1029 3917 1234 3985 referentibus
1251 3918 1399 3999 intellexi,
1438 3918 1502 3984 uod
1518 3917 1626 3984 fratres

361 4007 457 4072 vestri
486 4024 662 4073 conventus
691 4017 764 4072 sunt
792 4004 831 4071 ad
858 4007 1075 4092 receptionem
1107 4027 1315 4092 personarum
1349 3941 1505 4071 inutilium
1533 4005 1626 4070 nimis

362 4093 465 4178 proni,
489 4114 555 4158 non
580 4089 778 4158 attendentes
802 4089 959 4157 defectum
983 4093 1125 4172 scientie,
1149 4093 1198 4158 cui
1221 4103 1382 4178 tamquam
1405 4092 1481 4156 turri
1505 4089 1627 4156 fortitu·

362 4176 444 4243 dinis
467 4178 575 4244 nititur
600 4176 681 4243 ordo
705 4189 824 4258 noster,
847 4199 907 4242 nec
930 4195 1098 4263 pensantes
1115 4196 1174 4243 etc.
1210 4175 1311 4244 Vobis
1336 4178 1430 4262 igitur
1446 4178 1627 4257 committo,

361 4275 515 4351 quatenus
544 4261 663 4330 eisdem
693 4264 724 4328 in
752 4261 934 4329 huiusmodi
958 4285 1088 4330 excessu
1111 4264 1292 4348 consentire
1322 4263 1454 4329 minime
1478 4261 1627 4343 debeatis,

362 4350 437 4437 quin
454 4351 560 4431 etiam,
577 4351 613 4431 si,
629 4360 798 4437 postquam
815 4347 949 4415 domum
964 4348 1137 4436 predictam
1153 4351 1285 4432 visitavi,
1305 4349 1427 4437 aliquos
1444 4347 1628 4416 deficientes

361 4438 491 4504 scientia
514 4447 712 4524 receperunt,
735 4459 794 4503 vos
810 4437 932 4502 tociens
948 4435 1090 4504 triduana
1113 4438 1227 4504 ieiunia
1248 4437 1280 4502 in
1304 4459 1384 4523 pane
1402 4447 1433 4502 et
1456 4459 1535 4524 aqua
1552 4457 1629 4501 con-

362 4522 574 4590 sencientibus
604 4523 789 4610 imponatis,
822 4541 900 4610 quot
931 4525 1056 4610 propria
1089 4525 1226 4590 convicti
1255 4524 1450 4589 conscientia
1477 4520 1629 4588 inhabiles

361 4619 576 4697 receperunt.¹
623 4609 775 4676 Ceterum
799 4631 872 4675 cum
898 4662 904 4675 .
931 4663 937 4676 .
962 4612 1106 4692 novicio,
1139 4613 1226 4677 cuius
1250 4622 1336 4696 pater
1359 4607 1503 4675 fratribus
1533 4609 1629 4675 astitit

362 4696 522 4764 beneficiis
546 4697 724 4784 oportunis,
748 4695 875 4783 quando
892 4695 1083 4782 fragantibus
1107 4697 1209 4763 adhuc
1225 4696 1423 4763 desolatoriis
1440 4694 1629 4762 carbonibus

362 4785 394 4850 in
418 4786 544 4851 camino
574 4795 662 4850 erant
684 4785 779 4870 positi
808 4785 1011 4870 paupertatis,
1041 4803 1194 4872 quatenus
1218 4781 1417 4871 profiteatur,
1448 4781 1629 4869 dispensare
