<?xml version="1.0" encoding="UTF-8"?>
<!DOCTYPE html PUBLIC "-//W3C//DTD XHTML 1.0 Transitional//EN"
    "http://www.w3.org/TR/xhtml1/DTD/xhtml1-transitional.dtd">
<html xmlns="http://www.w3.org/1999/xhtml" xml:lang="en" lang="en">
 <head>
  <title>
</title>
<meta http-equiv="Content-Type" content="text/html;charset=utf-8" />
  <meta name='ocr-system' content='tesseract 3.04.00' />
  <meta name='ocr-capabilities' content='ocr_page ocr_carea ocr_par ocr_line ocrx_word'/>
</head>
<body>
  <div class='ocr_page' id='page_1' title='image "./ungedrucktedomi00finkgoog_0134.png"; bbox 0 0 3822 5592; ppageno 0'>
   <div class='ocr_carea' id='block_1_1' title="bbox 327 599 1590 670">
    <p class='ocr_par' dir='ltr' id='par_1_1' title="bbox 327 599 1590 670">
     <span class='ocr_line' id='line_1_1' title="bbox 327 599 1590 670; baseline -0.002 -18"><span class='ocrx_word' id='word_1_1' title='bbox 327 600 350 670; x_wconf 83' lang='lat' dir='ltr'><strong>J.</strong></span> <span class='ocrx_word' id='word_1_2' title='bbox 374 601 448 653; x_wconf 83' lang='lat'>1288.</span> <span class='ocrx_word' id='word_1_3' title='bbox 915 599 1009 654; x_wconf 82' lang='lat' dir='ltr'><strong>hriese.</strong></span> <span class='ocrx_word' id='word_1_4' title='bbox 1533 603 1590 650; x_wconf 88' lang='lat'><strong>121</strong></span> 
     </span>
    </p>
   </div>
   <div class='ocr_carea' id='block_1_2' title="bbox 326 757 1594 3203">
    <p class='ocr_par' dir='ltr' id='par_1_2' title="bbox 326 757 1594 3203">
     <span class='ocr_line' id='line_1_2' title="bbox 329 757 1592 860; baseline 0.001 -37"><span class='ocrx_word' id='word_1_5' title='bbox 329 761 361 825; x_wconf 91' lang='lat' dir='ltr'><strong>in</strong></span> <span class='ocrx_word' id='word_1_6' title='bbox 395 759 569 824; x_wconf 90' lang='lat' dir='ltr'><strong>animarum</strong></span> <span class='ocrx_word' id='word_1_7' title='bbox 599 767 630 826; x_wconf 89' lang='lat' dir='ltr'><strong>et</strong></span> <span class='ocrx_word' id='word_1_8' title='bbox 661 760 856 860; x_wconf 89' lang='lat' dir='ltr'><strong>propriarum</strong></span> <span class='ocrx_word' id='word_1_9' title='bbox 890 757 1064 845; x_wconf 90' lang='lat' dir='ltr'><strong>periculum</strong></span> <span class='ocrx_word' id='word_1_10' title='bbox 1095 770 1126 825; x_wconf 93' lang='lat' dir='ltr'><strong>et</strong></span> <span class='ocrx_word' id='word_1_11' title='bbox 1157 758 1339 825; x_wconf 88' lang='lat' dir='ltr'><strong>scandalum</strong></span> <span class='ocrx_word' id='word_1_12' title='bbox 1374 759 1592 846; x_wconf 90' lang='lat' dir='ltr'><strong>plurimorum.</strong></span> 
     </span>
     <span class='ocr_line' id='line_1_3' title="bbox 330 844 1592 933; baseline -0.002 -21"><span class='ocrx_word' id='word_1_13' title='bbox 330 846 414 912; x_wconf 92' lang='lat' dir='ltr'><strong>Cum</strong></span> <span class='ocrx_word' id='word_1_14' title='bbox 431 846 524 933; x_wconf 87' lang='lat' dir='ltr'><strong>igitur</strong></span> <span class='ocrx_word' id='word_1_15' title='bbox 540 847 691 932; x_wconf 89' lang='lat' dir='ltr'><strong>scriptum</strong></span> <span class='ocrx_word' id='word_1_16' title='bbox 707 857 761 911; x_wconf 85' lang='lat' dir='ltr'><strong>srt:</strong></span> <span class='ocrx_word' id='word_1_17' title='bbox 786 845 892 912; x_wconf 90' lang='lat' dir='ltr'><strong>Deum</strong></span> <span class='ocrx_word' id='word_1_18' title='bbox 914 847 1034 926; x_wconf 89' lang='lat' dir='ltr'><strong>timete,</strong></span> <span class='ocrx_word' id='word_1_19' title='bbox 1058 868 1167 933; x_wconf 87' lang='lat' dir='ltr'><strong>regem</strong></span> <span class='ocrx_word' id='word_1_20' title='bbox 1184 844 1402 926; x_wconf 85' lang='lat' dir='ltr'><strong>honorificate,</strong></span> <span class='ocrx_word' id='word_1_21' title='bbox 1426 857 1457 912; x_wconf 93' lang='lat' dir='ltr'><strong>et</strong></span> <span class='ocrx_word' id='word_1_22' title='bbox 1472 869 1592 912; x_wconf 90' lang='lat' dir='ltr'><strong>rursus:</strong></span> 
     </span>
     <span class='ocr_line' id='line_1_4' title="bbox 330 931 1591 1033; baseline 0.001 -36"><span class='ocrx_word' id='word_1_23' title='bbox 330 933 436 998; x_wconf 92' lang='lat' dir='ltr'><strong>omnis</strong></span> <span class='ocrx_word' id='word_1_24' title='bbox 459 933 562 998; x_wconf 92' lang='lat' dir='ltr'><strong>anima</strong></span> <span class='ocrx_word' id='word_1_25' title='bbox 586 931 791 1020; x_wconf 85' lang='lat' dir='ltr'><strong>potestatibus</strong></span> <span class='ocrx_word' id='word_1_26' title='bbox 814 931 1027 1019; x_wconf 91' lang='lat' dir='ltr'><strong>superioribus</strong></span> <span class='ocrx_word' id='word_1_27' title='bbox 1050 931 1172 1000; x_wconf 90' lang='lat' dir='ltr'><strong>subdita</strong></span> <span class='ocrx_word' id='word_1_28' title='bbox 1195 933 1235 998; x_wconf 93' lang='lat' dir='ltr'><strong>sit</strong></span> <span class='ocrx_word' id='word_1_29' title='bbox 1257 933 1323 998; x_wconf 90' lang='lat' dir='ltr'><strong>sive</strong></span> <span class='ocrx_word' id='word_1_30' title='bbox 1346 933 1412 1019; x_wconf 85' lang='lat' dir='ltr'><strong>regi</strong></span> <span class='ocrx_word' id='word_1_31' title='bbox 1432 944 1591 1033; x_wconf 83' lang='lat' dir='ltr'><strong>tamquam</strong></span> 
     </span>
     <span class='ocr_line' id='line_1_5' title="bbox 329 1017 1593 1108; baseline 0.001 -24"><span class='ocrx_word' id='word_1_32' title='bbox 329 1017 508 1106; x_wconf 90' lang='lat' dir='ltr'><strong>precellenti</strong></span> <span class='ocrx_word' id='word_1_33' title='bbox 532 1019 598 1085; x_wconf 93' lang='lat' dir='ltr'><strong>sive</strong></span> <span class='ocrx_word' id='word_1_34' title='bbox 614 1017 743 1085; x_wconf 91' lang='lat' dir='ltr'><strong>ducibus</strong></span> <span class='ocrx_word' id='word_1_35' title='bbox 767 1031 927 1108; x_wconf 83' lang='lat' dir='ltr'><strong>tamquam</strong></span> <span class='ocrx_word' id='word_1_36' title='bbox 952 1019 990 1085; x_wconf 92' lang='lat' dir='ltr'><strong>ab</strong></span> <span class='ocrx_word' id='word_1_37' title='bbox 1006 1043 1046 1086; x_wconf 94' lang='lat' dir='ltr'><strong>eo</strong></span> <span class='ocrx_word' id='word_1_38' title='bbox 1066 1021 1181 1101; x_wconf 90' lang='lat' dir='ltr'><strong>missis,</strong></span> <span class='ocrx_word' id='word_1_39' title='bbox 1205 1030 1338 1086; x_wconf 83' lang='lat' dir='ltr'><strong>uestram</strong></span> <span class='ocrx_word' id='word_1_40' title='bbox 1364 1041 1445 1108; x_wconf 87' lang='lat' dir='ltr'><strong>rogo</strong></span> <span class='ocrx_word' id='word_1_41' title='bbox 1463 1017 1593 1106; x_wconf 83' lang='lat' dir='ltr'><strong>diligen·</strong></span> 
     </span>
     <span class='ocr_line' id='line_1_6' title="bbox 329 1106 1593 1194; baseline 0 -22"><span class='ocrx_word' id='word_1_42' title='bbox 329 1108 408 1172; x_wconf 90' lang='lat' dir='ltr'><strong>ciam</strong></span> <span class='ocrx_word' id='word_1_43' title='bbox 434 1108 576 1188; x_wconf 86' lang='lat' dir='ltr'><strong>caritatis,</strong></span> <span class='ocrx_word' id='word_1_44' title='bbox 601 1130 721 1172; x_wconf 92' lang='lat' dir='ltr'><strong>moneo</strong></span> <span class='ocrx_word' id='word_1_45' title='bbox 746 1118 777 1173; x_wconf 92' lang='lat' dir='ltr'><strong>et</strong></span> <span class='ocrx_word' id='word_1_46' title='bbox 801 1109 952 1173; x_wconf 85' lang='lat' dir='ltr'><strong>exhortor</strong></span> <span class='ocrx_word' id='word_1_47' title='bbox 973 1107 1112 1174; x_wconf 89' lang='lat' dir='ltr'><strong>districte</strong></span> <span class='ocrx_word' id='word_1_48' title='bbox 1136 1106 1299 1188; x_wconf 91' lang='lat' dir='ltr'><strong>mandans,</strong></span> <span class='ocrx_word' id='word_1_49' title='bbox 1322 1125 1475 1194; x_wconf 89' lang='lat' dir='ltr'><strong>quatenus</strong></span> <span class='ocrx_word' id='word_1_50' title='bbox 1500 1108 1593 1173; x_wconf 92' lang='lat' dir='ltr'><strong>inter-</strong></span> 
     </span>
     <span class='ocr_line' id='line_1_7' title="bbox 330 1192 1593 1292; baseline 0 -32"><span class='ocrx_word' id='word_1_51' title='bbox 330 1192 448 1261; x_wconf 92' lang='lat' dir='ltr'><strong>dictum</strong></span> <span class='ocrx_word' id='word_1_52' title='bbox 473 1193 654 1292; x_wconf 91' lang='lat' dir='ltr'><strong>simpliciter</strong></span> <span class='ocrx_word' id='word_1_53' title='bbox 678 1193 866 1276; x_wconf 90' lang='lat' dir='ltr'><strong>observetis,</strong></span> <span class='ocrx_word' id='word_1_54' title='bbox 891 1193 993 1260; x_wconf 90' lang='lat' dir='ltr'><strong>solum</strong></span> <span class='ocrx_word' id='word_1_55' title='bbox 1019 1193 1172 1261; x_wconf 86' lang='lat' dir='ltr'><strong>submissa</strong></span> <span class='ocrx_word' id='word_1_56' title='bbox 1197 1217 1276 1260; x_wconf 90' lang='lat' dir='ltr'><strong>voce</strong></span> <span class='ocrx_word' id='word_1_57' title='bbox 1301 1205 1332 1261; x_wconf 90' lang='lat' dir='ltr'><strong>et</strong></span> <span class='ocrx_word' id='word_1_58' title='bbox 1360 1195 1460 1261; x_wconf 90' lang='lat' dir='ltr'><strong>ianuis</strong></span> <span class='ocrx_word' id='word_1_59' title='bbox 1484 1194 1593 1261; x_wconf 89' lang='lat' dir='ltr'><strong>clausis</strong></span> 
     </span>
     <span class='ocr_line' id='line_1_8' title="bbox 329 1280 1592 1370; baseline 0 -23"><span class='ocrx_word' id='word_1_60' title='bbox 329 1281 470 1348; x_wconf 88' lang='lat' dir='ltr'><strong>divinum</strong></span> <span class='ocrx_word' id='word_1_61' title='bbox 495 1281 634 1348; x_wconf 83' lang='lat' dir='ltr'><strong>ollrcium</strong></span> <span class='ocrx_word' id='word_1_62' title='bbox 653 1281 855 1364; x_wconf 82' lang='lat' dir='ltr'><strong>celebrantes,</strong></span> <span class='ocrx_word' id='word_1_63' title='bbox 879 1283 905 1348; x_wconf 91' lang='lat' dir='ltr'><strong>si</strong></span> <span class='ocrx_word' id='word_1_64' title='bbox 930 1281 990 1348; x_wconf 90' lang='lat' dir='ltr'><strong>hoc</strong></span> <span class='ocrx_word' id='word_1_65' title='bbox 1009 1280 1125 1370; x_wconf 88' lang='lat' dir='ltr'><strong>absque</strong></span> <span class='ocrx_word' id='word_1_66' title='bbox 1148 1280 1288 1369; x_wconf 88' lang='lat' dir='ltr'><strong>periculo</strong></span> <span class='ocrx_word' id='word_1_67' title='bbox 1312 1293 1417 1369; x_wconf 93' lang='lat' dir='ltr'><strong>potest</strong></span> <span class='ocrx_word' id='word_1_68' title='bbox 1440 1281 1519 1364; x_wconf 87' lang='lat' dir='ltr'><strong>fieri,</strong></span> <span class='ocrx_word' id='word_1_69' title='bbox 1543 1283 1592 1348; x_wconf 92' lang='lat' dir='ltr'><strong>vel</strong></span> 
     </span>
     <span class='ocr_line' id='line_1_9' title="bbox 329 1367 1593 1456; baseline 0 -22"><span class='ocrx_word' id='word_1_70' title='bbox 329 1367 552 1435; x_wconf 89' lang='lat' dir='ltr'><strong>commendata</strong></span> <span class='ocrx_word' id='word_1_71' title='bbox 576 1368 675 1436; x_wconf 92' lang='lat' dir='ltr'><strong>domo</strong></span> <span class='ocrx_word' id='word_1_72' title='bbox 700 1367 842 1436; x_wconf 86' lang='lat' dir='ltr'><strong>fidelibus</strong></span> <span class='ocrx_word' id='word_1_73' title='bbox 866 1368 939 1434; x_wconf 94' lang='lat' dir='ltr'><strong>inde</strong></span> <span class='ocrx_word' id='word_1_74' title='bbox 962 1370 1088 1456; x_wconf 86' lang='lat' dir='ltr'><strong>penitus</strong></span> <span class='ocrx_word' id='word_1_75' title='bbox 1113 1371 1238 1436; x_wconf 86' lang='lat' dir='ltr'><strong>exeatis.</strong></span> <span class='ocrx_word' id='word_1_76' title='bbox 1274 1371 1324 1435; x_wconf 90' lang='lat' dir='ltr'><strong>Ad</strong></span> <span class='ocrx_word' id='word_1_77' title='bbox 1348 1369 1405 1435; x_wconf 89' lang='lat' dir='ltr'><strong>hec</strong></span> <span class='ocrx_word' id='word_1_78' title='bbox 1430 1371 1462 1435; x_wconf 92' lang='lat' dir='ltr'><strong>in</strong></span> <span class='ocrx_word' id='word_1_79' title='bbox 1478 1371 1593 1436; x_wconf 87' lang='lat' dir='ltr'><strong>virtute</strong></span> 
     </span>
     <span class='ocr_line' id='line_1_10' title="bbox 329 1454 1593 1558; baseline 0.001 -37"><span class='ocrx_word' id='word_1_80' title='bbox 329 1455 513 1522; x_wconf 89' lang='lat' dir='ltr'><strong>obediencie</strong></span> <span class='ocrx_word' id='word_1_81' title='bbox 537 1457 693 1544; x_wconf 89' lang='lat' dir='ltr'><strong>precipi0‚</strong></span> <span class='ocrx_word' id='word_1_82' title='bbox 718 1457 851 1544; x_wconf 92' lang='lat' dir='ltr'><strong>nequis</strong></span> <span class='ocrx_word' id='word_1_83' title='bbox 875 1468 1015 1522; x_wconf 91' lang='lat' dir='ltr'><strong>vestrum</strong></span> <span class='ocrx_word' id='word_1_84' title='bbox 1039 1480 1225 1558; x_wconf 89' lang='lat' dir='ltr'><strong>quacunque</strong></span> <span class='ocrx_word' id='word_1_85' title='bbox 1249 1474 1314 1522; x_wconf 92' lang='lat' dir='ltr'><strong>arte</strong></span> <span class='ocrx_word' id='word_1_86' title='bbox 1345 1454 1384 1522; x_wconf 87' lang='lat' dir='ltr'><strong>ad</strong></span> <span class='ocrx_word' id='word_1_87' title='bbox 1408 1480 1443 1522; x_wconf 90' lang='lat' dir='ltr'><strong>ca</strong></span> <span class='ocrx_word' id='word_1_88' title='bbox 1465 1455 1593 1523; x_wconf 89' lang='lat' dir='ltr'><strong>tandam</strong></span> 
     </span>
     <span class='ocr_line' id='line_1_11' title="bbox 329 1479 1592 1632; baseline 0 -24"><span class='ocrx_word' id='word_1_89' title='bbox 329 1541 579 1610; x_wconf 85' lang='lat' dir='ltr'><strong>benivolenciam</strong></span> <span class='ocrx_word' id='word_1_90' title='bbox 603 1545 718 1609; x_wconf 90' lang='lat' dir='ltr'><strong>civium</strong></span> <span class='ocrx_word' id='word_1_91' title='bbox 742 1543 987 1632; x_wconf 89' lang='lat' dir='ltr'><strong>tranquillissimi</strong></span> <span class='ocrx_word' id='word_1_92' title='bbox 1011 1545 1159 1631; x_wconf 82' lang='lat' dir='ltr'><strong>principis</strong></span> <span class='ocrx_word' id='word_1_93' title='bbox 1183 1545 1325 1610; x_wconf 89' lang='lat' dir='ltr'><strong>animum</strong></span> <span class='ocrx_word' id='word_1_94' title='bbox 1349 1479 1520 1625; x_wconf 78' lang='lat' dir='ltr'><strong>offenditt,¹</strong></span> <span class='ocrx_word' id='word_1_95' title='bbox 1544 1545 1592 1610; x_wconf 90' lang='lat' dir='ltr'><strong>cui</strong></span> 
     </span>
     <span class='ocr_line' id='line_1_12' title="bbox 328 1629 1592 1718; baseline 0 -22"><span class='ocrx_word' id='word_1_96' title='bbox 328 1655 437 1696; x_wconf 90' lang='lat' dir='ltr'><strong>sumus</strong></span> <span class='ocrx_word' id='word_1_97' title='bbox 466 1629 742 1697; x_wconf 89' lang='lat' dir='ltr'><strong>innumerabilibus</strong></span> <span class='ocrx_word' id='word_1_98' title='bbox 772 1630 932 1697; x_wconf 90' lang='lat' dir='ltr'><strong>beneficiis</strong></span> <span class='ocrx_word' id='word_1_99' title='bbox 957 1654 1064 1697; x_wconf 91' lang='lat' dir='ltr'><strong>coram</strong></span> <span class='ocrx_word' id='word_1_100' title='bbox 1096 1631 1230 1698; x_wconf 92' lang='lat' dir='ltr'><strong>domino</strong></span> <span class='ocrx_word' id='word_1_101' title='bbox 1255 1631 1426 1712; x_wconf 85' lang='lat' dir='ltr'><strong>debitores,</strong></span> <span class='ocrx_word' id='word_1_102' title='bbox 1457 1655 1592 1718; x_wconf 92' lang='lat' dir='ltr'><strong>quorum</strong></span> 
     </span>
     <span class='ocr_line' id='line_1_13' title="bbox 328 1717 1593 1806; baseline -0.001 -23"><span class='ocrx_word' id='word_1_103' title='bbox 328 1717 463 1804; x_wconf 89' lang='lat' dir='ltr'><strong>quedam</strong></span> <span class='ocrx_word' id='word_1_104' title='bbox 483 1717 611 1804; x_wconf 91' lang='lat' dir='ltr'><strong>prodest</strong></span> <span class='ocrx_word' id='word_1_105' title='bbox 629 1717 779 1798; x_wconf 88' lang='lat' dir='ltr'><strong>recolere,</strong></span> <span class='ocrx_word' id='word_1_106' title='bbox 803 1729 837 1784; x_wconf 89' lang='lat' dir='ltr'><strong>ut</strong></span> <span class='ocrx_word' id='word_1_107' title='bbox 853 1741 927 1804; x_wconf 87' lang='lat' dir='ltr'><strong>erga</strong></span> <span class='ocrx_word' id='word_1_108' title='bbox 951 1719 1054 1804; x_wconf 88' lang='lat' dir='ltr'><strong>ipsum</strong></span> <span class='ocrx_word' id='word_1_109' title='bbox 1071 1729 1102 1785; x_wconf 89' lang='lat' dir='ltr'><strong>et</strong></span> <span class='ocrx_word' id='word_1_110' title='bbox 1124 1742 1200 1784; x_wconf 90' lang='lat' dir='ltr'><strong>suos</strong></span> <span class='ocrx_word' id='word_1_111' title='bbox 1216 1730 1318 1784; x_wconf 92' lang='lat' dir='ltr'><strong>vestra</strong></span> <span class='ocrx_word' id='word_1_112' title='bbox 1334 1717 1464 1784; x_wconf 86' lang='lat' dir='ltr'><strong>devotio</strong></span> <span class='ocrx_word' id='word_1_113' title='bbox 1480 1719 1593 1806; x_wconf 86' lang='lat' dir='ltr'><strong>iugiter</strong></span> 
     </span>
     <span class='ocr_line' id='line_1_14' title="bbox 327 1805 1593 1905; baseline 0 -35"><span class='ocrx_word' id='word_1_114' title='bbox 327 1815 516 1890; x_wconf 88' lang='lat' dir='ltr'><strong>perseveret.</strong></span> <span class='ocrx_word' id='word_1_115' title='bbox 568 1805 651 1871; x_wconf 90' lang='lat' dir='ltr'><strong>Cum</strong></span> <span class='ocrx_word' id='word_1_116' title='bbox 676 1807 779 1890; x_wconf 91' lang='lat' dir='ltr'><strong>primo</strong></span> <span class='ocrx_word' id='word_1_117' title='bbox 808 1806 840 1869; x_wconf 90' lang='lat' dir='ltr'><strong>in</strong></span> <span class='ocrx_word' id='word_1_118' title='bbox 871 1805 1111 1872; x_wconf 86' lang='lat' dir='ltr'><strong>Frankenvorth</strong></span> <span class='ocrx_word' id='word_1_119' title='bbox 1143 1807 1253 1892; x_wconf 87' lang='lat' dir='ltr'><strong>inperii</strong></span> <span class='ocrx_word' id='word_1_120' title='bbox 1285 1806 1421 1905; x_wconf 84' lang='lat' dir='ltr'><strong>suscepit</strong></span> <span class='ocrx_word' id='word_1_121' title='bbox 1449 1805 1593 1891; x_wconf 87' lang='lat' dir='ltr'><strong>insignia,</strong></span> 
     </span>
     <span class='ocr_line' id='line_1_15' title="bbox 326 1890 1593 1980; baseline 0.001 -23"><span class='ocrx_word' id='word_1_122' title='bbox 326 1893 445 1977; x_wconf 79' lang='lat' dir='ltr'><strong>gracias</strong></span> <span class='ocrx_word' id='word_1_123' title='bbox 473 1890 616 1957; x_wconf 82' lang='lat' dir='ltr'><strong>fratribus</strong></span> <span class='ocrx_word' id='word_1_124' title='bbox 640 1915 742 1957; x_wconf 92' lang='lat' dir='ltr'><strong>novus</strong></span> <span class='ocrx_word' id='word_1_125' title='bbox 773 1893 839 1978; x_wconf 91' lang='lat' dir='ltr'><strong>ipse</strong></span> <span class='ocrx_word' id='word_1_126' title='bbox 869 1893 1032 1959; x_wconf 84' lang='lat' dir='ltr'><strong>renovavit</strong></span> <span class='ocrx_word' id='word_1_127' title='bbox 1055 1894 1207 1980; x_wconf 87' lang='lat' dir='ltr'><strong>antiquas.</strong></span> <span class='ocrx_word' id='word_1_128' title='bbox 1253 1893 1288 1957; x_wconf 92' lang='lat' dir='ltr'><strong>ln</strong></span> <span class='ocrx_word' id='word_1_129' title='bbox 1318 1891 1454 1979; x_wconf 82' lang='lat' dir='ltr'><strong>capitulo</strong></span> <span class='ocrx_word' id='word_1_130' title='bbox 1478 1893 1593 1958; x_wconf 91' lang='lat' dir='ltr'><strong>Pisano</strong></span> 
     </span>
     <span class='ocr_line' id='line_1_16' title="bbox 328 1978 1593 2067; baseline 0 -23"><span class='ocrx_word' id='word_1_131' title='bbox 328 1997 358 2045; x_wconf 90' lang='lat' dir='ltr'><strong>et</strong></span> <span class='ocrx_word' id='word_1_132' title='bbox 382 1981 415 2045; x_wconf 89' lang='lat' dir='ltr'><strong>in</strong></span> <span class='ocrx_word' id='word_1_133' title='bbox 438 1978 576 2066; x_wconf 89' lang='lat' dir='ltr'><strong>pluribus</strong></span> <span class='ocrx_word' id='word_1_134' title='bbox 609 1978 674 2044; x_wconf 87' lang='lat' dir='ltr'><strong>aliis</strong></span> <span class='ocrx_word' id='word_1_135' title='bbox 698 1979 840 2045; x_wconf 82' lang='lat' dir='ltr'><strong>fratribus</strong></span> <span class='ocrx_word' id='word_1_136' title='bbox 869 1978 908 2045; x_wconf 92' lang='lat' dir='ltr'><strong>de</strong></span> <span class='ocrx_word' id='word_1_137' title='bbox 933 1978 1063 2045; x_wconf 89' lang='lat' dir='ltr'><strong>diversis</strong></span> <span class='ocrx_word' id='word_1_138' title='bbox 1093 1979 1203 2046; x_wconf 91' lang='lat' dir='ltr'><strong>mundi</strong></span> <span class='ocrx_word' id='word_1_139' title='bbox 1226 1978 1363 2066; x_wconf 92' lang='lat' dir='ltr'><strong>partibus</strong></span> <span class='ocrx_word' id='word_1_140' title='bbox 1393 1981 1593 2067; x_wconf 84' lang='lat' dir='ltr'><strong>cougregatis</strong></span> 
     </span>
     <span class='ocr_line' id='line_1_17' title="bbox 327 2065 1593 2167; baseline 0 -36"><span class='ocrx_word' id='word_1_141' title='bbox 327 2069 371 2132; x_wconf 92' lang='lat' dir='ltr'><strong>sic</strong></span> <span class='ocrx_word' id='word_1_142' title='bbox 393 2091 427 2133; x_wconf 91' lang='lat' dir='ltr'><strong>se</strong></span> <span class='ocrx_word' id='word_1_143' title='bbox 451 2065 610 2132; x_wconf 88' lang='lat' dir='ltr'><strong>liberalem</strong></span> <span class='ocrx_word' id='word_1_144' title='bbox 634 2066 782 2148; x_wconf 86' lang='lat' dir='ltr'><strong>exhibuit,</strong></span> <span class='ocrx_word' id='word_1_145' title='bbox 807 2066 982 2167; x_wconf 90' lang='lat' dir='ltr'><strong>quodcum</strong></span> <span class='ocrx_word' id='word_1_146' title='bbox 1009 2068 1207 2134; x_wconf 88' lang='lat' dir='ltr'><strong>incremento</strong></span> <span class='ocrx_word' id='word_1_147' title='bbox 1231 2067 1331 2154; x_wconf 89' lang='lat' dir='ltr'><strong>glorie</strong></span> <span class='ocrx_word' id='word_1_148' title='bbox 1355 2091 1411 2133; x_wconf 91' lang='lat' dir='ltr'><strong>sue</strong></span> <span class='ocrx_word' id='word_1_149' title='bbox 1429 2067 1593 2134; x_wconf 85' lang='lat' dir='ltr'><strong>thesauros</strong></span> 
     </span>
     <span class='ocr_line' id='line_1_18' title="bbox 327 2153 1592 2241; baseline 0.001 -23"><span class='ocrx_word' id='word_1_150' title='bbox 327 2153 383 2219; x_wconf 88' lang='lat' dir='ltr'><strong>sibi</strong></span> <span class='ocrx_word' id='word_1_151' title='bbox 407 2155 438 2218; x_wconf 93' lang='lat' dir='ltr'><strong>iu</strong></span> <span class='ocrx_word' id='word_1_152' title='bbox 463 2153 628 2220; x_wconf 87' lang='lat' dir='ltr'><strong>celestibus</strong></span> <span class='ocrx_word' id='word_1_153' title='bbox 652 2173 855 2240; x_wconf 83' lang='lat' dir='ltr'><strong>comparavit.</strong></span> <span class='ocrx_word' id='word_1_154' title='bbox 902 2155 936 2219; x_wconf 90' lang='lat' dir='ltr'><strong>ln</strong></span> <span class='ocrx_word' id='word_1_155' title='bbox 962 2154 1089 2241; x_wconf 81' lang='lat' dir='ltr'><strong>Ezlingat</strong></span> <span class='ocrx_word' id='word_1_156' title='bbox 1111 2154 1241 2235; x_wconf 80' lang='lat' dir='ltr'><strong>fratrum</strong></span> <span class='ocrx_word' id='word_1_157' title='bbox 1265 2156 1423 2241; x_wconf 82' lang='lat' dir='ltr'><strong>angustias</strong></span> <span class='ocrx_word' id='word_1_158' title='bbox 1448 2153 1522 2221; x_wconf 89' lang='lat' dir='ltr'><strong>dato</strong></span> <span class='ocrx_word' id='word_1_159' title='bbox 1548 2155 1592 2220; x_wconf 89' lang='lat' dir='ltr'><strong>eis</strong></span> 
     </span>
     <span class='ocr_line' id='line_1_19' title="bbox 327 2240 1590 2330; baseline 0.002 -25"><span class='ocrx_word' id='word_1_160' title='bbox 327 2243 433 2328; x_wconf 83' lang='lat' dir='ltr'><strong>spacio</strong></span> <span class='ocrx_word' id='word_1_161' title='bbox 467 2240 712 2308; x_wconf 89' lang='lat' dir='ltr'><strong>misericorditer</strong></span> <span class='ocrx_word' id='word_1_162' title='bbox 744 2241 904 2329; x_wconf 89' lang='lat' dir='ltr'><strong>ampliavit</strong></span> <span class='ocrx_word' id='word_1_163' title='bbox 968 2242 1046 2308; x_wconf 90' lang='lat' dir='ltr'><strong>Item</strong></span> <span class='ocrx_word' id='word_1_164' title='bbox 1084 2267 1156 2309; x_wconf 88' lang='lat' dir='ltr'><strong>cum</strong></span> <span class='ocrx_word' id='word_1_165' title='bbox 1190 2241 1444 2330; x_wconf 86' lang='lat' dir='ltr'><strong>indignationem</strong></span> <span class='ocrx_word' id='word_1_166' title='bbox 1478 2243 1590 2308; x_wconf 87' lang='lat' dir='ltr'><strong>civium</strong></span> 
     </span>
     <span class='ocr_line' id='line_1_20' title="bbox 328 2329 1591 2418; baseline 0.002 -23"><span class='ocrx_word' id='word_1_167' title='bbox 328 2331 609 2418; x_wconf 74' lang='lat' dir='ltr'><strong>argentinensium</strong></span> <span class='ocrx_word' id='word_1_168' title='bbox 633 2349 826 2418; x_wconf 90' lang='lat' dir='ltr'><strong>pateremur,</strong></span> <span class='ocrx_word' id='word_1_169' title='bbox 855 2332 887 2396; x_wconf 93' lang='lat' dir='ltr'><strong>in</strong></span> <span class='ocrx_word' id='word_1_170' title='bbox 911 2329 1014 2418; x_wconf 90' lang='lat' dir='ltr'><strong>opidis</strong></span> <span class='ocrx_word' id='word_1_171' title='bbox 1038 2332 1101 2397; x_wconf 92' lang='lat' dir='ltr'><strong>suis</strong></span> <span class='ocrx_word' id='word_1_172' title='bbox 1126 2355 1185 2397; x_wconf 92' lang='lat' dir='ltr'><strong>nos</strong></span> <span class='ocrx_word' id='word_1_173' title='bbox 1215 2331 1362 2398; x_wconf 89' lang='lat' dir='ltr'><strong>sustinuit</strong></span> <span class='ocrx_word' id='word_1_174' title='bbox 1385 2331 1531 2398; x_wconf 91' lang='lat' dir='ltr'><strong>sustineri</strong></span> <span class='ocrx_word' id='word_1_175' title='bbox 1556 2355 1591 2397; x_wconf 90' lang='lat' dir='ltr'><strong>ac</strong></span> 
     </span>
     <span class='ocr_line' id='line_1_21' title="bbox 327 2417 1592 2508; baseline 0 -24"><span class='ocrx_word' id='word_1_176' title='bbox 327 2419 494 2506; x_wconf 82' lang='lat' dir='ltr'><strong>benignius</strong></span> <span class='ocrx_word' id='word_1_177' title='bbox 518 2421 694 2485; x_wconf 90' lang='lat' dir='ltr'><strong>sustentari.</strong></span> <span class='ocrx_word' id='word_1_178' title='bbox 737 2417 787 2485; x_wconf 88' lang='lat' dir='ltr'><strong>Ad</strong></span> <span class='ocrx_word' id='word_1_179' title='bbox 811 2419 869 2486; x_wconf 88' lang='lat' dir='ltr'><strong>hec</strong></span> <span class='ocrx_word' id='word_1_180' title='bbox 894 2420 924 2486; x_wconf 93' lang='lat' dir='ltr'><strong>in</strong></span> <span class='ocrx_word' id='word_1_181' title='bbox 949 2420 1091 2486; x_wconf 88' lang='lat' dir='ltr'><strong>Moravia</strong></span> <span class='ocrx_word' id='word_1_182' title='bbox 1113 2419 1211 2486; x_wconf 84' lang='lat' dir='ltr'><strong>lactus</strong></span> <span class='ocrx_word' id='word_1_183' title='bbox 1235 2418 1358 2486; x_wconf 90' lang='lat' dir='ltr'><strong>inclitus</strong></span> <span class='ocrx_word' id='word_1_184' title='bbox 1383 2419 1592 2508; x_wconf 85' lang='lat' dir='ltr'><strong>triumphator</strong></span> 
     </span>
     <span class='ocr_line' id='line_1_22' title="bbox 328 2506 1593 2596; baseline 0.001 -24"><span class='ocrx_word' id='word_1_185' title='bbox 328 2507 496 2574; x_wconf 87' lang='lat' dir='ltr'><strong>claustrum</strong></span> <span class='ocrx_word' id='word_1_186' title='bbox 514 2507 664 2588; x_wconf 78' lang='lat' dir='ltr'><strong>hrridavit,</strong></span> <span class='ocrx_word' id='word_1_187' title='bbox 689 2506 854 2590; x_wconf 86' lang='lat' dir='ltr'><strong>edificavit,</strong></span> <span class='ocrx_word' id='word_1_188' title='bbox 876 2507 969 2596; x_wconf 83' lang='lat' dir='ltr'><strong>largis</strong></span> <span class='ocrx_word' id='word_1_189' title='bbox 993 2507 1246 2596; x_wconf 91' lang='lat' dir='ltr'><strong>possessionibus</strong></span> <span class='ocrx_word' id='word_1_190' title='bbox 1269 2531 1304 2574; x_wconf 91' lang='lat' dir='ltr'><strong>ac</strong></span> <span class='ocrx_word' id='word_1_191' title='bbox 1321 2507 1489 2595; x_wconf 86' lang='lat' dir='ltr'><strong>privilegiis</strong></span> <span class='ocrx_word' id='word_1_192' title='bbox 1509 2509 1593 2596; x_wconf 92' lang='lat' dir='ltr'><strong>prin-</strong></span> 
     </span>
     <span class='ocr_line' id='line_1_23' title="bbox 330 2594 1593 2684; baseline 0 -23"><span class='ocrx_word' id='word_1_193' title='bbox 330 2595 477 2682; x_wconf 84' lang='lat' dir='ltr'><strong>cipalibus</strong></span> <span class='ocrx_word' id='word_1_194' title='bbox 502 2594 675 2676; x_wconf 90' lang='lat' dir='ltr'><strong>decoravit,</strong></span> <span class='ocrx_word' id='word_1_195' title='bbox 709 2597 750 2662; x_wconf 92' lang='lat' dir='ltr'><strong>ita</strong></span> <span class='ocrx_word' id='word_1_196' title='bbox 774 2608 823 2677; x_wconf 88' lang='lat' dir='ltr'><strong>ut,</strong></span> <span class='ocrx_word' id='word_1_197' title='bbox 854 2598 964 2662; x_wconf 91' lang='lat' dir='ltr'><strong>sinos</strong></span> <span class='ocrx_word' id='word_1_198' title='bbox 993 2597 1078 2684; x_wconf 87' lang='lat' dir='ltr'><strong>ipsos</strong></span> <span class='ocrx_word' id='word_1_199' title='bbox 1105 2595 1163 2662; x_wconf 90' lang='lat' dir='ltr'><strong>sibi</strong></span> <span class='ocrx_word' id='word_1_200' title='bbox 1190 2597 1223 2662; x_wconf 92' lang='lat' dir='ltr'><strong>in</strong></span> <span class='ocrx_word' id='word_1_201' title='bbox 1252 2619 1361 2661; x_wconf 91' lang='lat' dir='ltr'><strong>servos</strong></span> <span class='ocrx_word' id='word_1_202' title='bbox 1388 2595 1593 2675; x_wconf 89' lang='lat' dir='ltr'><strong>traderemus,</strong></span> 
     </span>
     <span class='ocr_line' id='line_1_24' title="bbox 330 2682 1592 2772; baseline -0.001 -24"><span class='ocrx_word' id='word_1_203' title='bbox 330 2682 417 2772; x_wconf 85' lang='lat' dir='ltr'><strong>digni</strong></span> <span class='ocrx_word' id='word_1_204' title='bbox 440 2706 495 2749; x_wconf 91' lang='lat' dir='ltr'><strong>sua</strong></span> <span class='ocrx_word' id='word_1_205' title='bbox 519 2685 721 2770; x_wconf 90' lang='lat' dir='ltr'><strong>providencia</strong></span> <span class='ocrx_word' id='word_1_206' title='bbox 745 2709 812 2751; x_wconf 89' lang='lat' dir='ltr'><strong>non</strong></span> <span class='ocrx_word' id='word_1_207' title='bbox 837 2708 988 2751; x_wconf 84' lang='lat' dir='ltr'><strong>essemus.</strong></span> <span class='ocrx_word' id='word_1_208' title='bbox 1029 2684 1092 2750; x_wconf 90' lang='lat' dir='ltr'><strong>Sub</strong></span> <span class='ocrx_word' id='word_1_209' title='bbox 1116 2685 1203 2750; x_wconf 89' lang='lat' dir='ltr'><strong>cuius</strong></span> <span class='ocrx_word' id='word_1_210' title='bbox 1230 2683 1347 2750; x_wconf 89' lang='lat' dir='ltr'><strong>alarum</strong></span> <span class='ocrx_word' id='word_1_211' title='bbox 1372 2682 1492 2763; x_wconf 89' lang='lat' dir='ltr'><strong>umbra,</strong></span> <span class='ocrx_word' id='word_1_212' title='bbox 1521 2707 1592 2748; x_wconf 93' lang='lat' dir='ltr'><strong>cum</strong></span> 
     </span>
     <span class='ocr_line' id='line_1_25' title="bbox 329 2769 1593 2857; baseline 0 -22"><span class='ocrx_word' id='word_1_213' title='bbox 329 2771 430 2837; x_wconf 91' lang='lat' dir='ltr'><strong>adhuc</strong></span> <span class='ocrx_word' id='word_1_214' title='bbox 460 2793 637 2857; x_wconf 88' lang='lat' dir='ltr'><strong>speremus,</strong></span> <span class='ocrx_word' id='word_1_215' title='bbox 669 2770 791 2837; x_wconf 91' lang='lat' dir='ltr'><strong>assidue</strong></span> <span class='ocrx_word' id='word_1_216' title='bbox 820 2773 1034 2857; x_wconf 92' lang='lat' dir='ltr'><strong>omnipotenti</strong></span> <span class='ocrx_word' id='word_1_217' title='bbox 1057 2772 1145 2851; x_wconf 90' lang='lat' dir='ltr'><strong>Deo,</strong></span> <span class='ocrx_word' id='word_1_218' title='bbox 1175 2772 1306 2836; x_wconf 90' lang='lat' dir='ltr'><strong>remotis</strong></span> <span class='ocrx_word' id='word_1_219' title='bbox 1336 2769 1501 2850; x_wconf 92' lang='lat' dir='ltr'><strong>omnibus,</strong></span> <span class='ocrx_word' id='word_1_220' title='bbox 1533 2793 1593 2856; x_wconf 88' lang='lat' dir='ltr'><strong>que</strong></span> 
     </span>
     <span class='ocr_line' id='line_1_26' title="bbox 330 2855 1593 2942; baseline -0.002 -22"><span class='ocrx_word' id='word_1_221' title='bbox 330 2859 431 2941; x_wconf 88' lang='lat' dir='ltr'><strong>ipsum</strong></span> <span class='ocrx_word' id='word_1_222' title='bbox 455 2869 587 2942; x_wconf 84' lang='lat' dir='ltr'><strong>possent</strong></span> <span class='ocrx_word' id='word_1_223' title='bbox 610 2859 689 2922; x_wconf 86' lang='lat' dir='ltr'><strong>iuste</strong></span> <span class='ocrx_word' id='word_1_224' title='bbox 712 2857 885 2936; x_wconf 80' lang='lat' dir='ltr'><strong>oll&#39;erulere,</strong></span> <span class='ocrx_word' id='word_1_225' title='bbox 908 2857 1061 2922; x_wconf 85' lang='lat' dir='ltr'><strong>solvimus</strong></span> <span class='ocrx_word' id='word_1_226' title='bbox 1082 2874 1157 2922; x_wconf 89' lang='lat' dir='ltr'><strong>vota</strong></span> <span class='ocrx_word' id='word_1_227' title='bbox 1180 2873 1297 2935; x_wconf 87' lang='lat' dir='ltr'><strong>nostra,</strong></span> <span class='ocrx_word' id='word_1_228' title='bbox 1322 2866 1355 2920; x_wconf 93' lang='lat' dir='ltr'><strong>ut</strong></span> <span class='ocrx_word' id='word_1_229' title='bbox 1379 2867 1488 2920; x_wconf 85' lang='lat' dir='ltr'><strong>auctor</strong></span> <span class='ocrx_word' id='word_1_230' title='bbox 1510 2855 1593 2940; x_wconf 87' lang='lat' dir='ltr'><strong>pacis</strong></span> 
     </span>
     <span class='ocr_line' id='line_1_27' title="bbox 329 2941 1594 3030; baseline -0.001 -23"><span class='ocrx_word' id='word_1_231' title='bbox 329 2953 359 3008; x_wconf 90' lang='lat' dir='ltr'><strong>et</strong></span> <span class='ocrx_word' id='word_1_232' title='bbox 383 2954 519 3022; x_wconf 92' lang='lat' dir='ltr'><strong>amator,</strong></span> <span class='ocrx_word' id='word_1_233' title='bbox 550 2966 644 3030; x_wconf 88' lang='lat' dir='ltr'><strong>quern</strong></span> <span class='ocrx_word' id='word_1_234' title='bbox 669 2966 765 3009; x_wconf 92' lang='lat' dir='ltr'><strong>nosse</strong></span> <span class='ocrx_word' id='word_1_235' title='bbox 790 2944 894 3008; x_wconf 92' lang='lat' dir='ltr'><strong>vivere</strong></span> <span class='ocrx_word' id='word_1_236' title='bbox 918 2961 948 3008; x_wconf 90' lang='lat' dir='ltr'><strong>et</strong></span> <span class='ocrx_word' id='word_1_237' title='bbox 973 2944 1022 3007; x_wconf 91' lang='lat' dir='ltr'><strong>cui</strong></span> <span class='ocrx_word' id='word_1_238' title='bbox 1049 2943 1166 3008; x_wconf 88' lang='lat' dir='ltr'><strong>servire</strong></span> <span class='ocrx_word' id='word_1_239' title='bbox 1188 2964 1321 3028; x_wconf 86' lang='lat' dir='ltr'><strong>regnare</strong></span> <span class='ocrx_word' id='word_1_240' title='bbox 1345 2953 1406 3021; x_wconf 90' lang='lat' dir='ltr'><strong>est,</strong></span> <span class='ocrx_word' id='word_1_241' title='bbox 1437 2941 1494 3028; x_wconf 91' lang='lat' dir='ltr'><strong>ipsi</strong></span> <span class='ocrx_word' id='word_1_242' title='bbox 1518 2941 1594 3006; x_wconf 90' lang='lat' dir='ltr'><strong>suis-</strong></span> 
     </span>
     <span class='ocr_line' id='line_1_28' title="bbox 328 3027 1594 3117; baseline -0.001 -23"><span class='ocrx_word' id='word_1_243' title='bbox 328 3052 388 3116; x_wconf 90' lang='lat' dir='ltr'><strong>que</strong></span> <span class='ocrx_word' id='word_1_244' title='bbox 406 3028 606 3096; x_wconf 88' lang='lat' dir='ltr'><strong>dilectoribus</strong></span> <span class='ocrx_word' id='word_1_245' title='bbox 630 3053 723 3117; x_wconf 90' lang='lat' dir='ltr'><strong>super</strong></span> <span class='ocrx_word' id='word_1_246' title='bbox 740 3029 806 3096; x_wconf 92' lang='lat' dir='ltr'><strong>dies</strong></span> <span class='ocrx_word' id='word_1_247' title='bbox 822 3028 888 3095; x_wconf 90' lang='lat' dir='ltr'><strong>dies</strong></span> <span class='ocrx_word' id='word_1_248' title='bbox 905 3029 1016 3096; x_wconf 89' lang='lat' dir='ltr'><strong>adiciat</strong></span> <span class='ocrx_word' id='word_1_249' title='bbox 1040 3040 1071 3095; x_wconf 89' lang='lat' dir='ltr'><strong>et</strong></span> <span class='ocrx_word' id='word_1_250' title='bbox 1087 3030 1248 3096; x_wconf 90' lang='lat' dir='ltr'><strong>victricem</strong></span> <span class='ocrx_word' id='word_1_251' title='bbox 1273 3051 1402 3094; x_wconf 87' lang='lat' dir='ltr'><strong>manum</strong></span> <span class='ocrx_word' id='word_1_252' title='bbox 1425 3027 1594 3094; x_wconf 91' lang='lat' dir='ltr'><strong>coroboret</strong></span> 
     </span>
     <span class='ocr_line' id='line_1_29' title="bbox 327 3115 1346 3203; baseline -0.001 -22"><span class='ocrx_word' id='word_1_253' title='bbox 327 3115 365 3181; x_wconf 90' lang='lat' dir='ltr'><strong>ad</strong></span> <span class='ocrx_word' id='word_1_254' title='bbox 390 3140 521 3182; x_wconf 89' lang='lat' dir='ltr'><strong>suorum</strong></span> <span class='ocrx_word' id='word_1_255' title='bbox 546 3117 717 3203; x_wconf 86' lang='lat' dir='ltr'><strong>presidium</strong></span> <span class='ocrx_word' id='word_1_256' title='bbox 742 3116 943 3183; x_wconf 87' lang='lat' dir='ltr'><strong>devotorum.</strong></span> <span class='ocrx_word' id='word_1_257' title='bbox 990 3118 1107 3182; x_wconf 89' lang='lat' dir='ltr'><strong>Datum</strong></span> <span class='ocrx_word' id='word_1_258' title='bbox 1134 3115 1346 3183; x_wconf 84' lang='lat' dir='ltr'><strong>Columbarie.</strong></span> 
     </span>
    </p>
   </div>
   <div class='ocr_carea' id='block_1_3' title="bbox 438 3291 749 3345">
    <p class='ocr_par' dir='ltr' id='par_1_3' title="bbox 438 3291 749 3345">
     <span class='ocr_line' id='line_1_30' title="bbox 438 3291 749 3345; baseline 0 0"><span class='ocrx_word' id='word_1_259' title='bbox 438 3299 443 3328; x_wconf 88' lang='lat'><strong>¹</strong></span> <span class='ocrx_word' id='word_1_260' title='bbox 465 3291 515 3345; x_wconf 87' lang='lat' dir='ltr'><strong>HS.</strong></span> <span class='ocrx_word' id='word_1_261' title='bbox 536 3292 580 3345; x_wconf 89' lang='lat' dir='ltr'><strong>hat</strong></span> <span class='ocrx_word' id='word_1_262' title='bbox 600 3291 749 3345; x_wconf 77' lang='lat' dir='ltr'><strong>otierulatis</strong></span> 
     </span>
    </p>
   </div>
   <div class='ocr_carea' id='block_1_4' title="bbox 327 3447 1595 3957">
    <p class='ocr_par' dir='ltr' id='par_1_4' title="bbox 327 3447 1595 3957">
     <span class='ocr_line' id='line_1_31' title="bbox 434 3447 1594 3520; baseline -0.002 -18"><span class='ocrx_word' id='word_1_263' title='bbox 434 3449 489 3504; x_wconf 90' lang='lat' dir='ltr'><strong>Fol.</strong></span> <span class='ocrx_word' id='word_1_264' title='bbox 507 3465 554 3517; x_wconf 86' lang='lat'><strong>152</strong></span> <span class='ocrx_word' id='word_1_265' title='bbox 565 3461 590 3504; x_wconf 62' lang='lat' dir='ltr'><strong>v.</strong></span> <span class='ocrx_word' id='word_1_266' title='bbox 620 3449 699 3504; x_wconf 89' lang='lat' dir='ltr'><strong>Gedr.</strong></span> <span class='ocrx_word' id='word_1_267' title='bbox 714 3450 747 3501; x_wconf 86' lang='lat' dir='ltr'>W</span> <span class='ocrx_word' id='word_1_268' title='bbox 751 3449 910 3514; x_wconf 80' lang='lat' dir='ltr'><strong>inlrelmanu,</strong></span> <span class='ocrx_word' id='word_1_269' title='bbox 930 3449 997 3502; x_wconf 80' lang='lat' dir='ltr'><strong>Acta</strong></span> <span class='ocrx_word' id='word_1_270' title='bbox 1016 3451 1079 3520; x_wconf 86' lang='lat' dir='ltr'><strong>imp.</strong></span> <span class='ocrx_word' id='word_1_271' title='bbox 1094 3447 1162 3502; x_wconf 90' lang='lat' dir='ltr'><strong>ined.</strong></span> <span class='ocrx_word' id='word_1_272' title='bbox 1176 3449 1209 3514; x_wconf 91' lang='lat' dir='ltr'><strong>ll,</strong></span> <span class='ocrx_word' id='word_1_273' title='bbox 1231 3447 1297 3517; x_wconf 85' lang='lat'>1067</span> <span class='ocrx_word' id='word_1_274' title='bbox 1317 3465 1348 3500; x_wconf 83' lang='lat' dir='ltr'><strong>zu</strong></span> <span class='ocrx_word' id='word_1_275' title='bbox 1362 3465 1383 3501; x_wconf 93' lang='lat' dir='ltr'><strong>c.</strong></span> <span class='ocrx_word' id='word_1_276' title='bbox 1400 3447 1475 3502; x_wconf 90' lang='lat'>1286.</span> <span class='ocrx_word' id='word_1_277' title='bbox 1504 3447 1594 3502; x_wconf 86' lang='lat' dir='ltr'><strong>Schon</strong></span> 
     </span>
     <span class='ocr_line' id='line_1_32' title="bbox 329 3535 1595 3608; baseline 0 -21"><span class='ocrx_word' id='word_1_278' title='bbox 329 3537 446 3608; x_wconf 80' lang='lat' dir='ltr'><strong>Wigand</strong></span> <span class='ocrx_word' id='word_1_279' title='bbox 464 3538 542 3591; x_wconf 87' lang='lat' dir='ltr'><strong>weist</strong></span> <span class='ocrx_word' id='word_1_280' title='bbox 561 3539 596 3590; x_wconf 84' lang='lat' dir='ltr'><strong>inr</strong></span> <span class='ocrx_word' id='word_1_281' title='bbox 616 3538 723 3591; x_wconf 83' lang='lat' dir='ltr'><strong>Strassb.</strong></span> <span class='ocrx_word' id='word_1_282' title='bbox 743 3538 798 3592; x_wconf 89' lang='lat' dir='ltr'><strong>UB.</strong></span> <span class='ocrx_word' id='word_1_283' title='bbox 818 3539 843 3590; x_wconf 90' lang='lat' dir='ltr'><strong>S.</strong></span> <span class='ocrx_word' id='word_1_284' title='bbox 864 3554 896 3608; x_wconf 87' lang='lat'><strong>97</strong></span> <span class='ocrx_word' id='word_1_285' title='bbox 917 3537 996 3590; x_wconf 83' lang='lat' dir='ltr'><strong>Aum.</strong></span> <span class='ocrx_word' id='word_1_286' title='bbox 1019 3553 1028 3589; x_wconf 91' lang='lat'>1</span> <span class='ocrx_word' id='word_1_287' title='bbox 1052 3535 1146 3590; x_wconf 78' lang='lat' dir='ltr'><strong>darauf</strong></span> <span class='ocrx_word' id='word_1_288' title='bbox 1162 3535 1219 3602; x_wconf 83' lang='lat' dir='ltr'><strong>ltin,</strong></span> <span class='ocrx_word' id='word_1_289' title='bbox 1244 3535 1299 3588; x_wconf 90' lang='lat' dir='ltr'><strong>dass</strong></span> <span class='ocrx_word' id='word_1_290' title='bbox 1319 3535 1366 3588; x_wconf 89' lang='lat' dir='ltr'><strong>der</strong></span> <span class='ocrx_word' id='word_1_291' title='bbox 1384 3535 1459 3589; x_wconf 88' lang='lat' dir='ltr'><strong>Brief</strong></span> <span class='ocrx_word' id='word_1_292' title='bbox 1474 3537 1513 3590; x_wconf 88' lang='lat' dir='ltr'><strong>ins</strong></span> <span class='ocrx_word' id='word_1_293' title='bbox 1532 3537 1595 3606; x_wconf 82' lang='lat' dir='ltr'><strong>Jalrr</strong></span> 
     </span>
     <span class='ocr_line' id='line_1_33' title="bbox 331 3623 1594 3695; baseline -0.001 -18"><span class='ocrx_word' id='word_1_294' title='bbox 331 3626 396 3678; x_wconf 75' lang='lat'>1288</span> <span class='ocrx_word' id='word_1_295' title='bbox 416 3625 518 3695; x_wconf 78' lang='lat' dir='ltr'><strong>gehbre</strong></span> <span class='ocrx_word' id='word_1_296' title='bbox 537 3641 634 3695; x_wconf 86' lang='lat' dir='ltr'><strong>wegeu</strong></span> <span class='ocrx_word' id='word_1_297' title='bbox 654 3624 700 3678; x_wconf 88' lang='lat' dir='ltr'><strong>des</strong></span> <span class='ocrx_word' id='word_1_298' title='bbox 720 3626 810 3678; x_wconf 85' lang='lat' dir='ltr'><strong>Satzes</strong></span> <span class='ocrx_word' id='word_1_299' title='bbox 831 3625 893 3678; x_wconf 76' lang='lat' dir='ltr'><strong>taber</strong></span> <span class='ocrx_word' id='word_1_300' title='bbox 912 3623 954 3676; x_wconf 84' lang='lat' dir='ltr'><strong>die</strong></span> <span class='ocrx_word' id='word_1_301' title='bbox 973 3624 1140 3695; x_wconf 83' lang='lat' dir='ltr'><strong>Entlernung</strong></span> <span class='ocrx_word' id='word_1_302' title='bbox 1159 3624 1205 3676; x_wconf 94' lang='lat' dir='ltr'><strong>der</strong></span> <span class='ocrx_word' id='word_1_303' title='bbox 1225 3623 1415 3676; x_wconf 73' lang='lat' dir='ltr'><strong>Dominilrane&#39;r</strong></span> <span class='ocrx_word' id='word_1_304' title='bbox 1434 3641 1480 3676; x_wconf 90' lang='lat' dir='ltr'><strong>aus</strong></span> <span class='ocrx_word' id='word_1_305' title='bbox 1499 3623 1594 3677; x_wconf 84' lang='lat' dir='ltr'><strong>Stras-</strong></span> 
     </span>
     <span class='ocr_line' id='line_1_34' title="bbox 329 3710 1595 3782; baseline -0.002 -18"><span class='ocrx_word' id='word_1_306' title='bbox 329 3713 408 3782; x_wconf 86' lang='lat' dir='ltr'><strong>burg;</strong></span> <span class='ocrx_word' id='word_1_307' title='bbox 433 3713 498 3764; x_wconf 80' lang='lat' dir='ltr'><strong>daau</strong></span> <span class='ocrx_word' id='word_1_308' title='bbox 517 3712 632 3778; x_wconf 76' lang='lat' dir='ltr'><strong>lromtnt,</strong></span> <span class='ocrx_word' id='word_1_309' title='bbox 660 3711 715 3764; x_wconf 83' lang='lat' dir='ltr'><strong>dass</strong></span> <span class='ocrx_word' id='word_1_310' title='bbox 740 3711 785 3764; x_wconf 88' lang='lat' dir='ltr'><strong>das</strong></span> <span class='ocrx_word' id='word_1_311' title='bbox 805 3713 949 3765; x_wconf 87' lang='lat' dir='ltr'><strong>Sclueiben</strong></span> <span class='ocrx_word' id='word_1_312' title='bbox 973 3713 1060 3764; x_wconf 87' lang='lat' dir='ltr'><strong>seirrer</strong></span> <span class='ocrx_word' id='word_1_313' title='bbox 1079 3711 1200 3781; x_wconf 86' lang='lat' dir='ltr'><strong>Stellnng</strong></span> <span class='ocrx_word' id='word_1_314' title='bbox 1224 3710 1292 3762; x_wconf 90' lang='lat' dir='ltr'><strong>nach</strong></span> <span class='ocrx_word' id='word_1_315' title='bbox 1311 3727 1359 3763; x_wconf 91' lang='lat' dir='ltr'><strong>nur</strong></span> <span class='ocrx_word' id='word_1_316' title='bbox 1382 3711 1422 3762; x_wconf 92' lang='lat' dir='ltr'><strong>ins</strong></span> <span class='ocrx_word' id='word_1_317' title='bbox 1441 3711 1504 3780; x_wconf 89' lang='lat' dir='ltr'><strong>Jahr</strong></span> <span class='ocrx_word' id='word_1_318' title='bbox 1529 3711 1595 3763; x_wconf 75' lang='lat'>1288</span> 
     </span>
     <span class='ocr_line' id='line_1_35' title="bbox 327 3796 1594 3868; baseline -0.003 -16"><span class='ocrx_word' id='word_1_319' title='bbox 327 3799 448 3867; x_wconf 74' lang='lat' dir='ltr'><strong>gehtiren</strong></span> <span class='ocrx_word' id='word_1_320' title='bbox 468 3799 537 3851; x_wconf 85' lang='lat' dir='ltr'><strong>kann</strong></span> <span class='ocrx_word' id='word_1_321' title='bbox 556 3798 609 3852; x_wconf 88' lang='lat' dir='ltr'><strong>und</strong></span> <span class='ocrx_word' id='word_1_322' title='bbox 628 3798 669 3851; x_wconf 88' lang='lat' dir='ltr'><strong>die</strong></span> <span class='ocrx_word' id='word_1_323' title='bbox 689 3798 782 3851; x_wconf 90' lang='lat' dir='ltr'><strong>beiden</strong></span> <span class='ocrx_word' id='word_1_324' title='bbox 803 3799 1006 3868; x_wconf 87' lang='lat' dir='ltr'><strong>Belagerungen</strong></span> <span class='ocrx_word' id='word_1_325' title='bbox 1021 3799 1102 3850; x_wconf 88' lang='lat' dir='ltr'><strong>Berns</strong></span> <span class='ocrx_word' id='word_1_326' title='bbox 1122 3797 1204 3850; x_wconf 89' lang='lat' dir='ltr'><strong>durch</strong></span> <span class='ocrx_word' id='word_1_327' title='bbox 1219 3797 1320 3850; x_wconf 78' lang='lat' dir='ltr'><strong>lludols</strong></span> <span class='ocrx_word' id='word_1_328' title='bbox 1340 3799 1405 3850; x_wconf 88' lang='lat'>1288</span> <span class='ocrx_word' id='word_1_329' title='bbox 1425 3796 1594 3850; x_wconf 84' lang='lat' dir='ltr'><strong>stattlauden.</strong></span> 
     </span>
     <span class='ocr_line' id='line_1_36' title="bbox 328 3885 1249 3957; baseline 0 -19"><span class='ocrx_word' id='word_1_330' title='bbox 328 3887 378 3938; x_wconf 82' lang='lat' dir='ltr'><strong>Die</strong></span> <span class='ocrx_word' id='word_1_331' title='bbox 399 3885 651 3957; x_wconf 78' lang='lat' dir='ltr'><strong>Klostergrundung</strong></span> <span class='ocrx_word' id='word_1_332' title='bbox 670 3886 788 3956; x_wconf 84' lang='lat' dir='ltr'><strong>gescltah</strong></span> <span class='ocrx_word' id='word_1_333' title='bbox 809 3903 839 3938; x_wconf 83' lang='lat' dir='ltr'><strong>zu</strong></span> <span class='ocrx_word' id='word_1_334' title='bbox 859 3885 929 3938; x_wconf 87' lang='lat' dir='ltr'><strong>Tuln</strong></span> <span class='ocrx_word' id='word_1_335' title='bbox 949 3885 1249 3945; x_wconf 77' lang='lat' dir='ltr'><strong>inNiedertisterreich.</strong></span> 
     </span>
    </p>
   </div>
   <div class='ocr_carea' id='block_1_5' title="bbox 931 4128 998 4198">
    <p class='ocr_par' dir='ltr' id='par_1_5' title="bbox 931 4128 998 4198">
     <span class='ocr_line' id='line_1_37' title="bbox 931 4128 998 4198; baseline -0.015 -2"><span class='ocrx_word' id='word_1_336' title='bbox 931 4128 998 4198; x_wconf 81' lang='lat'>100.</span> 
     </span>
    </p>
   </div>
   <div class='ocr_carea' id='block_1_6' title="bbox 324 4250 1601 4955">
    <p class='ocr_par' dir='ltr' id='par_1_6' title="bbox 324 4250 1601 4955">
     <span class='ocr_line' id='line_1_38' title="bbox 425 4250 1597 4342; baseline -0.004 -23"><span class='ocrx_word' id='word_1_337' title='bbox 425 4254 612 4340; x_wconf 62' lang='lat' dir='ltr'><strong>Provinzial</strong></span> <span class='ocrx_word' id='word_1_338' title='bbox 636 4251 827 4342; x_wconf 82' lang='lat' dir='ltr'><strong>(Hermann)</strong></span> <span class='ocrx_word' id='word_1_339' title='bbox 851 4274 892 4319; x_wconf 83' lang='lat' dir='ltr'><strong>au</strong></span> <span class='ocrx_word' id='word_1_340' title='bbox 915 4253 971 4318; x_wconf 82' lang='lat' dir='ltr'><strong>den</strong></span> <span class='ocrx_word' id='word_1_341' title='bbox 996 4253 1086 4318; x_wconf 87' lang='lat' dir='ltr'><strong>Prior</strong></span> <span class='ocrx_word' id='word_1_342' title='bbox 1109 4255 1140 4317; x_wconf 83' lang='lat' dir='ltr'><strong>in</strong></span> <span class='ocrx_word' id='word_1_343' title='bbox 1164 4252 1293 4318; x_wconf 79' lang='lat' dir='ltr'><strong>Zririclr:</strong></span> <span class='ocrx_word' id='word_1_344' title='bbox 1323 4251 1378 4316; x_wconf 82' lang='lat' dir='ltr'><strong>Da</strong></span> <span class='ocrx_word' id='word_1_345' title='bbox 1408 4250 1526 4315; x_wconf 83' lang='lat' dir='ltr'><strong>reeulieh</strong></span> <span class='ocrx_word' id='word_1_346' title='bbox 1549 4250 1597 4314; x_wconf 81' lang='lat' dir='ltr'><strong>die</strong></span> 
     </span>
     <span class='ocr_line' id='line_1_39' title="bbox 330 4338 1595 4428; baseline -0.003 -22"><span class='ocrx_word' id='word_1_347' title='bbox 330 4343 518 4428; x_wconf 59' lang='lat' dir='ltr'><strong>Korrstanaer</strong></span> <span class='ocrx_word' id='word_1_348' title='bbox 534 4339 756 4407; x_wconf 81' lang='lat' dir='ltr'><strong>Dominilrarrer</strong></span> <span class='ocrx_word' id='word_1_349' title='bbox 780 4343 925 4428; x_wconf 78' lang='lat' dir='ltr'><strong>eiuraritig</strong></span> <span class='ocrx_word' id='word_1_350' title='bbox 948 4341 1033 4406; x_wconf 83' lang='lat' dir='ltr'><strong>ihren</strong></span> <span class='ocrx_word' id='word_1_351' title='bbox 1050 4339 1158 4406; x_wconf 79' lang='lat' dir='ltr'><strong>Lektor</strong></span> <span class='ocrx_word' id='word_1_352' title='bbox 1174 4339 1324 4422; x_wconf 74' lang='lat' dir='ltr'><strong>Iohannes</strong></span> <span class='ocrx_word' id='word_1_353' title='bbox 1347 4361 1417 4424; x_wconf 59' lang='lat' dir='ltr'><strong>{reru</strong></span> <span class='ocrx_word' id='word_1_354' title='bbox 1433 4338 1522 4404; x_wconf 83' lang='lat' dir='ltr'><strong>Prior</strong></span> <span class='ocrx_word' id='word_1_355' title='bbox 1543 4361 1595 4426; x_wconf 80' lang='lat' dir='ltr'><strong>ge-</strong></span> 
     </span>
     <span class='ocr_line' id='line_1_40' title="bbox 329 4425 1597 4514; baseline -0.003 -21"><span class='ocrx_word' id='word_1_356' title='bbox 329 4429 435 4510; x_wconf 76' lang='lat' dir='ltr'><strong>wdlrlt,</strong></span> <span class='ocrx_word' id='word_1_357' title='bbox 460 4429 534 4494; x_wconf 80' lang='lat' dir='ltr'><strong>liobe</strong></span> <span class='ocrx_word' id='word_1_358' title='bbox 558 4453 590 4494; x_wconf 88' lang='lat' dir='ltr'><strong>er</strong></span> <span class='ocrx_word' id='word_1_359' title='bbox 612 4431 692 4493; x_wconf 89' lang='lat' dir='ltr'><strong>seine</strong></span> <span class='ocrx_word' id='word_1_360' title='bbox 709 4427 921 4514; x_wconf 80' lang='lat' dir='ltr'><strong>Zustirumuug</strong></span> <span class='ocrx_word' id='word_1_361' title='bbox 944 4441 1076 4514; x_wconf 81' lang='lat' dir='ltr'><strong>versagt,</strong></span> <span class='ocrx_word' id='word_1_362' title='bbox 1092 4429 1140 4492; x_wconf 83' lang='lat' dir='ltr'><strong>-da</strong></span> <span class='ocrx_word' id='word_1_363' title='bbox 1165 4451 1197 4492; x_wconf 86' lang='lat' dir='ltr'><strong>er</strong></span> <span class='ocrx_word' id='word_1_364' title='bbox 1220 4429 1252 4491; x_wconf 83' lang='lat' dir='ltr'><strong>in</strong></span> <span class='ocrx_word' id='word_1_365' title='bbox 1275 4428 1339 4491; x_wconf 85' lang='lat' dir='ltr'><strong>eine</strong></span> <span class='ocrx_word' id='word_1_366' title='bbox 1359 4425 1597 4510; x_wconf 78' lang='lat' dir='ltr'><strong>Verminderuug</strong></span> 
     </span>
     <span class='ocr_line' id='line_1_41' title="bbox 329 4510 1595 4604; baseline -0.004 -23"><span class='ocrx_word' id='word_1_367' title='bbox 329 4517 382 4582; x_wconf 85' lang='lat' dir='ltr'><strong>der</strong></span> <span class='ocrx_word' id='word_1_368' title='bbox 398 4516 540 4582; x_wconf 75' lang='lat' dir='ltr'><strong>Lettoren</strong></span> <span class='ocrx_word' id='word_1_369' title='bbox 565 4517 646 4582; x_wconf 82' lang='lat' dir='ltr'><strong>nicht</strong></span> <span class='ocrx_word' id='word_1_370' title='bbox 669 4515 744 4582; x_wconf 77' lang='lat' dir='ltr'><strong>liobe</strong></span> <span class='ocrx_word' id='word_1_371' title='bbox 759 4516 897 4602; x_wconf 80' lang='lat' dir='ltr'><strong>willigeri</strong></span> <span class='ocrx_word' id='word_1_372' title='bbox 921 4515 1046 4594; x_wconf 71' lang='lat' dir='ltr'><strong>letinaen,</strong></span> <span class='ocrx_word' id='word_1_373' title='bbox 1070 4518 1123 4604; x_wconf 83' lang='lat' dir='ltr'><strong>qui</strong></span> <span class='ocrx_word' id='word_1_374' title='bbox 1144 4515 1186 4580; x_wconf 84' lang='lat' dir='ltr'><strong>ud</strong></span> <span class='ocrx_word' id='word_1_375' title='bbox 1200 4515 1334 4580; x_wconf 82' lang='lat' dir='ltr'><strong>decorem</strong></span> <span class='ocrx_word' id='word_1_376' title='bbox 1358 4512 1476 4578; x_wconf 82' lang='lat' dir='ltr'><strong>ecclesie</strong></span> <span class='ocrx_word' id='word_1_377' title='bbox 1492 4510 1595 4577; x_wconf 80' lang='lat' dir='ltr'><strong>dederat</strong></span> 
     </span>
     <span class='ocr_line' id='line_1_42' title="bbox 324 4599 1601 4692; baseline -0.005 -23"><span class='ocrx_word' id='word_1_378' title='bbox 324 4608 424 4691; x_wconf 83' lang='lat' dir='ltr'><strong>potius</strong></span> <span class='ocrx_word' id='word_1_379' title='bbox 447 4618 574 4692; x_wconf 79' lang='lat' dir='ltr'><strong>recipere</strong></span> <span class='ocrx_word' id='word_1_380' title='bbox 601 4608 825 4670; x_wconf 77' lang='lat' dir='ltr'><strong>incrementum.</strong></span> <span class='ocrx_word' id='word_1_381' title='bbox 873 4605 929 4668; x_wconf 88' lang='lat' dir='ltr'><strong>Bei</strong></span> <span class='ocrx_word' id='word_1_382' title='bbox 959 4603 1011 4668; x_wconf 89' lang='lat' dir='ltr'><strong>der</strong></span> <span class='ocrx_word' id='word_1_383' title='bbox 1036 4602 1192 4668; x_wconf 83' lang='lat' dir='ltr'><strong>Neuwabl</strong></span> <span class='ocrx_word' id='word_1_384' title='bbox 1215 4605 1258 4666; x_wconf 86' lang='lat' dir='ltr'><strong>sei</strong></span> <span class='ocrx_word' id='word_1_385' title='bbox 1280 4603 1334 4666; x_wconf 84' lang='lat' dir='ltr'><strong>ruit</strong></span> <span class='ocrx_word' id='word_1_386' title='bbox 1358 4599 1516 4668; x_wconf 80' lang='lat' dir='ltr'><strong>Riielrsiclrt</strong></span> <span class='ocrx_word' id='word_1_387' title='bbox 1539 4601 1601 4684; x_wconf 73' lang='lat' dir='ltr'><strong>aris</strong></span> 
     </span>
     <span class='ocr_line' id='line_1_43' title="bbox 330 4687 1599 4776; baseline -0.004 -21"><span class='ocrx_word' id='word_1_388' title='bbox 330 4693 377 4756; x_wconf 75' lang='lat' dir='ltr'><strong>alie</strong></span> <span class='ocrx_word' id='word_1_389' title='bbox 399 4693 512 4758; x_wconf 81' lang='lat' dir='ltr'><strong>Aruurt</strong></span> <span class='ocrx_word' id='word_1_390' title='bbox 535 4692 586 4756; x_wconf 87' lang='lat' dir='ltr'><strong>des</strong></span> <span class='ocrx_word' id='word_1_391' title='bbox 611 4693 799 4776; x_wconf 59' lang='lat' dir='ltr'><strong>Konstauzer</strong></span> <span class='ocrx_word' id='word_1_392' title='bbox 823 4689 956 4756; x_wconf 83' lang='lat' dir='ltr'><strong>Klosters</strong></span> <span class='ocrx_word' id='word_1_393' title='bbox 983 4691 1096 4754; x_wconf 81' lang='lat' dir='ltr'><strong>wieder</strong></span> <span class='ocrx_word' id='word_1_394' title='bbox 1119 4689 1269 4771; x_wconf 74' lang='lat' dir='ltr'><strong>johannes</strong></span> <span class='ocrx_word' id='word_1_395' title='bbox 1297 4687 1441 4774; x_wconf 78' lang='lat' dir='ltr'><strong>geweihlt.</strong></span> <span class='ocrx_word' id='word_1_396' title='bbox 1488 4687 1543 4752; x_wconf 86' lang='lat' dir='ltr'><strong>Da</strong></span> <span class='ocrx_word' id='word_1_397' title='bbox 1567 4709 1599 4750; x_wconf 86' lang='lat' dir='ltr'><strong>er·</strong></span> 
     </span>
     <span class='ocr_line' id='line_1_44' title="bbox 331 4773 1596 4878; baseline -0.005 -36"><span class='ocrx_word' id='word_1_398' title='bbox 331 4777 521 4878; x_wconf 82' lang='lat' dir='ltr'><strong>(Hermann)</strong></span> <span class='ocrx_word' id='word_1_399' title='bbox 539 4779 618 4843; x_wconf 74' lang='lat' dir='ltr'><strong>reiciat</strong></span> <span class='ocrx_word' id='word_1_400' title='bbox 639 4801 734 4864; x_wconf 72' lang='lat' dir='ltr'><strong>gegetr</strong></span> <span class='ocrx_word' id='word_1_401' title='bbox 749 4780 828 4842; x_wconf 83' lang='lat' dir='ltr'><strong>seirre</strong></span> <span class='ocrx_word' id='word_1_402' title='bbox 852 4780 951 4863; x_wconf 77' lang='lat' dir='ltr'><strong>eigeue</strong></span> <span class='ocrx_word' id='word_1_403' title='bbox 968 4776 1168 4841; x_wconf 70' lang='lat' dir='ltr'><strong>lirrtscheidurt</strong></span> <span class='ocrx_word' id='word_1_404' title='bbox 1206 4774 1338 4840; x_wconf 77' lang='lat' dir='ltr'><strong>baudelii</strong></span> <span class='ocrx_word' id='word_1_405' title='bbox 1361 4773 1464 4852; x_wconf 77' lang='lat' dir='ltr'><strong>letinae,</strong></span> <span class='ocrx_word' id='word_1_406' title='bbox 1489 4773 1596 4860; x_wconf 75' lang='lat' dir='ltr'><strong>bearis-</strong></span> 
     </span>
     <span class='ocr_line' id='line_1_45' title="bbox 330 4799 1599 4955; baseline -0.004 -27"><span class='ocrx_word' id='word_1_407' title='bbox 330 4878 417 4950; x_wconf 73' lang='lat' dir='ltr'><strong>truge</strong></span> <span class='ocrx_word' id='word_1_408' title='bbox 440 4889 471 4928; x_wconf 80' lang='lat' dir='ltr'><strong>er</strong></span> <span class='ocrx_word' id='word_1_409' title='bbox 495 4866 556 4943; x_wconf 83' lang='lat' dir='ltr'><strong>alm,</strong></span> <span class='ocrx_word' id='word_1_410' title='bbox 580 4866 632 4930; x_wconf 82' lang='lat' dir='ltr'><strong>der</strong></span> <span class='ocrx_word' id='word_1_411' title='bbox 656 4866 710 4929; x_wconf 86' lang='lat' dir='ltr'><strong>dus</strong></span> <span class='ocrx_word' id='word_1_412' title='bbox 738 4865 923 4949; x_wconf 58' lang='lat' dir='ltr'><strong>lt&#39;oustuuqer</strong></span> <span class='ocrx_word' id='word_1_413' title='bbox 946 4863 1064 4929; x_wconf 83' lang='lat' dir='ltr'><strong>Klosler</strong></span> <span class='ocrx_word' id='word_1_414' title='bbox 1087 4866 1140 4927; x_wconf 84' lang='lat' dir='ltr'><strong>seit</strong></span> <span class='ocrx_word' id='word_1_415' title='bbox 1165 4799 1273 4946; x_wconf 68' lang='lat' dir='ltr'><strong>danger</strong></span> <span class='ocrx_word' id='word_1_416' title='bbox 1296 4861 1361 4926; x_wconf 83' lang='lat' dir='ltr'><strong>Zeit</strong></span> <span class='ocrx_word' id='word_1_417' title='bbox 1384 4859 1487 4955; x_wconf 74' lang='lat' dir='ltr'><strong>lenire,</strong></span> <span class='ocrx_word' id='word_1_418' title='bbox 1512 4873 1599 4924; x_wconf 77' lang='lat' dir='ltr'><strong>unta·</strong></span> 
     </span>
    </p>
   </div>
   <div class='ocr_carea' id='block_1_7' title="bbox 0 0 1919 5592">
    <p class='ocr_par' dir='ltr' id='par_1_7' title="bbox 0 0 1919 5592">
     <span class='ocr_line' id='line_1_46' title="bbox 0 0 1919 5592; baseline 0 0"><span class='ocrx_word' id='word_1_419' title='bbox 0 0 1919 5592; x_wconf 95' lang='lat' dir='ltr'><strong> </strong></span> 
     </span>
    </p>
   </div>
  </div>
 </body>
</html>
