3822 5592
293 597 315 667 J.
339 598 412 652 1288.
551 613 556 623 ·
878 597 972 652 aner.
1179 673 1180 676 Ν
1498 601 1555 666 123

294 754 382 838 einige
406 753 521 806 lrleinere
540 754 727 821 Korrekturen,
751 755 814 836 aber
837 755 926 825 obige,
945 773 998 809 von
1022 754 1161 810 derseiben
1179 755 1265 820 Hand,
1289 755 1330 808 die
1350 755 1402 808 den
1421 755 1491 808 Text
1510 772 1557 824 ge-

294 822 440 889 schrieben,
459 828 584 893 genbgen
603 839 663 876 zum
683 824 796 888 Bewers,
816 823 872 876 dass
891 823 978 877 dieser
997 823 1070 877 Briei
1085 825 1207 894 Konzept
1226 826 1267 877 ist.

894 1132 961 1200 102.

399 1255 591 1345 (Provinrial
606 1257 782 1348 Hermann)
805 1257 933 1323 schreibt
956 1280 997 1324 an
1020 1259 1110 1325 Prior
1134 1259 1197 1325 nnd
1214 1258 1358 1346 Subprior
1382 1261 1413 1323 in
1428 1258 1558 1325 Zeirieh:

294 1346 348 1411 Da
363 1345 509 1412 Barthold
520 1358 656 1432 gerrannt
678 1344 854 1427 Torneator,
878 1347 1031 1412 Konoerse
1046 1346 1094 1412 bei
1114 1347 1171 1412 den
1190 1347 1375 1414 Schwestern
1398 1348 1430 1411 in
1449 1345 1556 1414 Otten-
1633 1377 1635 1382 ·

294 1433 380 1514 treet,
404 1445 481 1520 treta
496 1436 592 1498 rainer
608 1434 847 1522 Errnnbnnngen
862 1434 925 1500 sich
941 1434 1022 1500 nicbt
1045 1434 1207 1525 berrtrissigt
1226 1434 1361 1523 genten,
1378 1433 1430 1500 der
1446 1435 1558 1524 Begine

297 1521 461 1587 Sebwcster
483 1523 585 1609 Agnes
608 1521 761 1608 Zigelerin
786 1524 817 1588 in
841 1522 991 1610 Freiburg
1013 1522 1069 1588 das
1090 1547 1149 1590 vore
1173 1523 1221 1588 ihr
1246 1523 1405 1590 Geliebene
1427 1521 1556 1610 arrrricl'-

293 1622 491 1694 auerstatten,
523 1633 555 1676 so
584 1609 764 1698 brarrstrnge
788 1635 820 1676 er
849 1614 905 1692 sie,
938 1612 1010 1700 dass
1038 1613 1080 1677 sie
1108 1610 1267 1677 irrnerhalb
1300 1633 1340 1696 14
1375 1610 1478 1700 Tagen
1510 1612 1558 1677 die

293 1698 414 1764 Priorin
445 1721 503 1764 von
537 1697 705 1765 Ottenbach
737 1698 784 1764 bei
813 1698 917 1786 Strafe
949 1699 1002 1764 der
1035 1698 1212 1788 Suspertsion
1241 1699 1467 1850 uernnlapsten,
1500 1699 1556 1764 den

293 1787 463 1851 Konoersen
484 1787 638 1873 gesangen
660 1810 699 1871 arr.
714 1799 811 1872 setren
836 1789 890 1852 mit
906 1787 1095 1874 Fusssesseln
1117 1787 1182 1852 nrrd
1197 1787 1360 1852 Handsehe
1375 1787 1434 1867 len,
1458 1786 1502 1852 tis
1525 1811 1557 1851 er·

291 1873 347 1937 den
372 1873 478 1958 letaten
494 1873 602 1938 Heller
625 1873 767 1958 beralde·
789 1873 864 1938 habe
888 1897 920 1938 er
943 1874 1016 1938 aber
1032 1874 1136 1954 nichts,
1159 1881 1303 1939 sonnisse
1320 1873 1371 1937 ln.
1389 1871 1557 1940 Ottrnlracb

292 1962 345 2029 tar
368 1959 419 2024 ibn
443 1963 594 2025 cintreten.
641 1960 794 2025 Breisael.
842 1959 942 2046 (1289
968 1961 1149 2051 Friibjahr.)

397 2132 451 2186 l³ol.
474 2134 558 2200 158v.
595 2124 667 2186 Uber
687 2133 795 2185 liloster
814 2133 965 2186 Ottenbaclr
991 2133 1073 2186 lindet
1098 2134 1154 2186 sich
1174 2133 1229 2186 Fol.
1251 2149 1284 2186 20
1307 2135 1366 2186 eine
1386 2133 1465 2186 Notia
1493 2133 1557 2184 tiber

291 2219 442 2272 rlulnalnne
462 2220 534 2272 einer
547 2220 707 2274 Sclrwester.
745 2221 806 2291 Vgl.
826 2221 893 2273 auch
906 2220 1011 2274 Deniiie
1031 2221 1056 2273 in
1072 2221 1170 2274 Archiv
1190 2219 1231 2273 Fur
1243 2220 1304 2274 Litt.
1320 2220 1372 2273 utrd
1386 2221 1444 2274 KG.
1458 2220 1490 2285 ll,
1506 2218 1558 2284 644

291 2307 465 2379 Anmerkung
487 2324 508 2360 1.

896 2447 961 2515 103.

399 2574 658 2727 Provinat'aptrior
683 2572 873 2662 (Hermann)
903 2573 986 2638 bittet
1008 2573 1098 2639 Prior
1120 2573 1184 2638 und
1207 2571 1317 2639 Lelctor
1341 2575 1372 2637 in
1395 2571 1555 2660 Freiburg,

292 2661 358 2726 dene
382 2660 523 2748 Zofinger
546 2662 565 2726 l
577 2661 665 2727 loster·
691 2659 771 2728 Geld
792 2685 831 2746 ne
853 2660 1050 2748 verschaffen.
1097 2661 1236 2727 Kolnear.
1284 2657 1411 2749 (1288.)

398 2766 498 2831 Priori
522 2776 553 2831 et
576 2765 686 2831 lectori
710 2763 968 2850 Friburgensibus
994 2764 1203 2850 provincialis.
1250 2765 1333 2830 Cum
1358 2774 1473 2829 statum
1498 2765 1557 2830 Zo-

294 2852 492 2936 vingensium
517 2850 645 2916 fratrum
671 2849 851 2930 consider0,
875 2861 975 2916 tactus
997 2847 1108 2914 dolore
1132 2849 1235 2915 cordis
1259 2851 1445 2914 intrinsecus
1469 2849 1556 2936 inge-

293 2937 393 3002 misco
417 2960 566 3018 cernens,
597 2935 684 3025 quod
708 2939 739 3002 in
763 2936 855 3003 nobis
879 2936 1062 3003 lamentatio
1086 2948 1118 3002 et
1141 2960 1179 3002 ve
1210 2937 1277 3001 sine
1301 2937 1440 3002 carmine
1464 2958 1558 3002 reno-

292 3035 394 3105 vatur,
423 3049 494 3091 cum
526 3025 681 3092 hereditas
711 3023 830 3091 ordinis
861 3023 899 3091 ad
923 3023 1043 3091 alienos
1071 3025 1216 3106 vertitur,
1245 3022 1361 3090 domus
1386 3034 1493 3090 nostra
1520 3023 1557 3090 ab

293 3114 447 3180 extraneis
475 3112 664 3201 possidetur.
711 3113 878 3181 Venerunt
906 3112 959 3180 filii
984 3111 1022 3180 ad
1049 3124 1171 3201 partum
1198 3124 1229 3180 et
1251 3113 1333 3179 vires
1362 3136 1428 3179 non
1453 3112 1558 3180 babuit

290 3203 474 3288 parturiens,
496 3215 527 3270 et
543 3201 647 3293 quide
665 3201 829 3290 profundis
846 3203 1079 3284 emerserimus,
1096 3201 1183 3269 nullo
1200 3201 1404 3269 submittente
1421 3199 1556 3269 tabulam

292 3292 464 3378 mergimur
499 3293 582 3358 iuxta
616 3291 697 3358 litus
750 3291 942 3378 Intelligitis,
978 3314 1038 3380 que
1074 3289 1156 3358 dico.
1214 3289 1312 3358 Dedit
1347 3291 1433 3357 enim
1467 3289 1557 3358 vobis

291 3377 439 3446 dominus
471 3382 502 3447 in
534 3379 681 3447 omnibus
715 3380 918 3447 intellectum.
974 3380 1058 3446 Nam
1091 3403 1164 3446 cum
1196 3379 1275 3447 dicti
1301 3379 1410 3447 fratres
1444 3379 1557 3446 insultas

291 3469 438 3552 pecunias
454 3467 630 3549 effuderint,
655 3467 862 3534 creditoribus
878 3467 1094 3548 satisfecerint,
1111 3491 1169 3555 pro
1187 3467 1327 3549 modic0,
1345 3467 1430 3556 quod
1451 3480 1556 3548 restat,

291 3553 432 3635 obsides,
466 3573 499 3620 ut
526 3555 680 3621 devorent
730 3578 894 3641 auperem,
928 3557 1106 3621 invitantur.
1154 3556 1222 3621 Hec
1247 3573 1293 3620 est
1322 3577 1428 3636 causa,
1461 3577 1556 3642 quare

291 3641 470 3708 karissimus
494 3644 526 3707 in
544 3642 671 3709 Christo
696 3579 789 3708 inter
806 3643 900 3709 Ciino
924 3643 1057 3708 vicarius
1076 3641 1192 3708 domus
1215 3640 1355 3728 predicte
1379 3643 1498 3722 circuit,
1522 3643 1554 3707 in

290 3726 479 3794 adiutorium
506 3729 673 3795 hominum
697 3731 838 3816 respicit,
863 3731 950 3795 cuius
974 3741 1047 3795 sunt
1070 3730 1219 3795 attenuati
1244 3729 1449 3815 suspicientes
1474 3728 1556 3794 oculi

290 3817 321 3879 in
354 3814 489 3882 excelso.
536 3817 602 3882 lam
630 3815 819 3882 verecundia
848 3839 1037 3903 conspersus
1066 3839 1132 3882 non
1161 3815 1254 3882 audet
1283 3816 1376 3882 etiam
1406 3816 1555 3901 exiguum

289 3899 395 3966 datum
422 3905 558 3988 exigere,
581 3957 587 3969 .
607 3956 639 3969 ..
662 3916 710 3970 set
734 3927 791 3989 pro
815 3903 903 3969 lucro
928 3915 1101 3990 computat,
1125 3905 1151 3969 si
1196 3903 1284 3983 ossit,
1309 3904 1401 3967 etiam
1426 3900 1555 3967 tandem

289 3988 345 4055 sub
370 3991 470 4055 usuris
494 4002 640 4057 mutuum
665 3992 815 4056 invenire.
862 3992 967 4078 Rogat
991 4015 1068 4078 ergo
1092 3926 1286 4077 suppliciter,
1320 4008 1368 4070 ut,
1398 3991 1423 4055 si
1447 3989 1556 4077 aliquis

290 4096 336 4143 est
363 4077 412 4143 vel
441 4077 540 4166 aliqua
566 4078 655 4145 vobis
685 4091 776 4160 nota,
805 4103 866 4167 que
897 4101 990 4166 super
1020 4077 1153 4144 afflictos
1183 4078 1233 4165 pia
1261 4089 1384 4164 gestare
1414 4075 1557 4143 didicerit

290 4165 417 4246 viscera,
433 4165 523 4231 vobis
541 4165 750 4232 mediantibus
767 4166 955 4254 aliquantam
973 4165 1030 4232 sibi
1047 4177 1170 4231 mutuet
1185 4167 1363 4251 pecuniam,
1380 4163 1554 4230 secundum

290 4251 375 4352 quod
395 4255 591 4333 convenerit,
616 4252 862 4340 rependendam,
887 4277 945 4340 pro
962 4277 1022 4341 qua
1045 4251 1138 4318 babet
1153 4253 1372 4318 auctoritatem
1397 4275 1500 4317 meam
1526 4264 1556 4317 et

290 4338 450 4405 licenciam
482 4338 642 4426 obligandi
674 4340 790 4407 domos
822 4342 854 4406 in
878 4341 1043 4427 Zovingen
1075 4351 1106 4405 et
1137 4340 1262 4421 omnia,
1295 4363 1355 4427 que
1386 4340 1418 4404 in
1449 4361 1554 4405 earum

291 4425 407 4492 ambitu
433 4429 647 4494 continentur.
687 4428 796 4494 Fidem
821 4430 948 4515 insuper
972 4427 1120 4514 prestabit
1144 4425 1184 4493 de
1207 4425 1363 4493 solvendo
1387 4424 1554 4514 specialem

290 4513 340 4580 vel
362 4513 449 4580 aliter
472 4527 545 4602 puta
568 4515 773 4602 pensionibus
797 4517 909 4581 annuis
932 4513 1147 4668 respondebit.
1194 4515 1324 4580 Utinam
1355 4514 1445 4580 huius
1469 4512 1555 4580 verbi

290 4603 369 4668 sicut
393 4601 574 4669 exhortator
602 4604 644 4669 ita
667 4627 796 4690 possem
827 4627 896 4670 esse
920 4621 951 4668 et
986 4614 1073 4669 actor
1102 4615 1133 4669 et
1156 4601 1282 4669 beatum
1313 4625 1365 4667 me
1394 4599 1555 4688 apostolus

290 4687 479 4774 predicaret!
515 4689 570 4756 Set
586 4692 691 4771 scitur,
709 4689 795 4778 quod
812 4691 844 4756 in
861 4713 952 4756 causa
969 4689 1108 4777 predicta
1124 4713 1190 4756 non
1207 4688 1263 4755 tuli
1279 4711 1409 4754 numum
1426 4687 1555 4768 aridam,

290 4777 371 4864 quia,
395 4775 482 4864 quod
506 4776 607 4858 habui,
631 4778 693 4843 hoc
718 4789 749 4844 et
772 4777 840 4844 leci.
888 4777 972 4860 Scio,
996 4778 1119 4866 quantis
1143 4775 1267 4842 debitor
1289 4800 1378 4858 sum,
1403 4795 1434 4842 et
1457 4773 1555 4841 nichi-

289 4864 428 4930 lominus
445 4864 695 4952 supetindicitur,
720 4880 753 4932 ut
769 4867 838 4946 hiis,
863 4867 915 4954 qui
932 4867 1037 4933 Rome
1058 4877 1140 4946 sunt,
1166 4863 1403 4951 ewangelizem,
1427 4864 1556 4930 mittens
