3828 5590
934 1449 958 1520 l.

423 1575 668 1666 Ordensgeneral
695 1575 893 1668 (Jolramresi)
923 1577 1005 1643 bitot
1027 1578 1172 1644 Albertus
1195 1580 1331 1666 Magnus
1358 1581 1413 1646 das
1436 1579 1579 1647 Lektorat·

313 1666 344 1728 in
367 1663 448 1731 Koln
470 1687 508 1750 aar
531 1664 741 1730 tibernehmen.
788 1663 867 1752 (Um
893 1685 931 1730 12
935 1665 1012 1754 roi)

416 1769 560 1834 Domino
593 1767 724 1835 Alberto
759 1768 880 1836 lecturo
918 1771 1069 1857 magister
1103 1767 1232 1836 ordinis.
1285 1768 1476 1838 Reverendo
1502 1822 1509 1836 .
1535 1823 1542 1836 .
1569 1823 1575 1836 .

312 1855 479 1922 Referente
513 1856 679 1922 karissimo
709 1855 787 1922 mihi
816 1857 847 1922 in
876 1855 1006 1923 Christo
1034 1856 1128 1922 fratre
1152 1909 1159 1922 .
1186 1910 1192 1922 .
1224 1856 1285 1924 leta
1312 1868 1422 1924 mente
1455 1859 1578 1945 suscepi

312 1954 414 2010 vestre
429 1944 606 2030 gratissime
630 1945 831 2031 propositum
848 1942 1030 2024 voluntatis,
1054 1942 1142 2032 quod
1157 1943 1303 2012 videlicet
1326 1944 1365 2011 ad
1384 1943 1433 2011 illa
1448 1956 1578 2032 propter

312 2031 417 2096 Deum
434 2032 531 2116 parati
548 2032 638 2096 eratis
655 2029 878 2118 prosequenda
893 2029 1051 2111 libentius,
1068 2055 1128 2118 que
1144 2031 1275 2097 fratrum
1292 2031 1470 2118 profectum
1482 2033 1579 2118 respi-

313 2127 419 2182 cerent
434 2128 641 2202 oportunum,
668 2119 693 2182 si
710 2116 798 2197 olim,
822 2115 949 2204 quando
966 2140 1024 2182 vos
1043 2119 1202 2218 requisivi,
1225 2135 1259 2184 ut
1279 2117 1414 2184 Parisins
1435 2116 1579 2184 fratribus

312 2202 467 2288 legeretis,
491 2201 592 2285 vobis,
616 2203 714 2292 qualis
739 2227 823 2270 nunc
848 2215 905 2284 est,
929 2203 1029 2270 lector
1066 2202 1193 2270 urdanrl
1211 2203 1359 2286 affuisset,
1384 2203 1456 2271 illuc
1471 2205 1579 2293 utique

313 2291 454 2357 ivissetis.
494 2291 594 2378 Super
617 2289 729 2380 quibus
746 2290 865 2358 debitas
888 2292 1002 2380 gratias
1018 2227 1109 2358 vblris
1133 2315 1206 2381 ago,
1229 2315 1288 2358 vos
1312 2315 1447 2359 exorans
1464 2314 1521 2380 sup
1544 2290 1579 2358 li-

314 2379 399 2460 citer,
424 2389 457 2446 ut
473 2396 537 2445 tam
555 2377 688 2466 dignum
705 2390 736 2446 et
755 2378 830 2446 utile
846 2381 1047 2468 propositum
1064 2378 1173 2446 obtato
1191 2391 1222 2448 et
1237 2382 1416 2447 necessario
1435 2315 1579 2448 fratribus

313 2477 540 2555 prosequentes
565 2467 679 2534 effectu
703 2467 874 2534 Coloniam
897 2467 998 2534 velitis
1027 2468 1186 2535 civitatem
1209 2467 1311 2550 adire,
1344 2493 1418 2535 cum
1441 2478 1577 2535 vestram

315 2555 504 2640 presentiam
527 2554 606 2620 illius
631 2555 762 2621 civitatis
786 2554 886 2621 clerus
916 2555 1088 2621 affectuose
1112 2554 1270 2622 desideret
1293 2567 1325 2622 et
1347 2557 1498 2644 requirat,
1527 2555 1579 2622 nbi

315 2642 391 2707 sacri
416 2642 500 2728 putei
530 2641 648 2708 fluenta
670 2641 760 2709 vobis
785 2640 901 2708 credita
925 2666 996 2709 curn
1021 2641 1151 2709 fratrum
1175 2644 1387 2730 promocione
1416 2642 1580 2730 multiplici

315 2727 353 2794 ad
376 2727 453 2794 alios
477 2727 616 2795 derivare
640 2731 783 2816 poteritis
807 2727 945 2816 pluribus
969 2729 1140 2816 profutura.
1188 2731 1308 2797 Valete.

422 2908 429 2937 ¹
450 2900 500 2954 Die
519 2902 600 2956 Stelle
619 2904 651 2955 ist
672 2902 832 2956 undentliclr.
870 2903 937 2956 Statt
956 2902 1039 2956 lector
1059 2903 1129 2954 steht
1148 2901 1226 2955 letior
1245 2901 1310 2955 oder
1329 2902 1411 2956 letror
1430 2901 1469 2955 da.
1502 2901 1579 2954 Aucb

314 2968 419 3038 qraidanr
439 2970 472 3022 ist
491 2972 627 3038 unsicher3
647 2973 711 3025 eber
730 2972 852 3025 condam.

419 3128 474 3182 Fol.
497 3130 563 3184 aur.
601 3131 652 3184 Die
677 3131 901 3202 biograpbischen
924 3132 1013 3184 Dateu
1036 3132 1072 3184 inr
1097 3131 1187 3184 Leben
1209 3130 1316 3184 Alberts
1340 3128 1399 3183 sind
1421 3129 1494 3184 noclr
1519 3131 1581 3183 sehr

314 3216 443 3270 unsicber.
478 3217 534 3271 Aus
553 3218 615 3272 dena
633 3219 781 3272 reverendo
801 3219 854 3273 und
873 3219 1017 3272 venerabili
1035 3218 1094 3272 lisst
1114 3220 1172 3272 sich
1185 3219 1258 3272 nicht
1277 3217 1324 3272 auf
1339 3218 1381 3271 die
1401 3217 1579 3272 bischoflielre

314 3304 414 3356 Wt'nde
432 3304 539 3358 Alberts
559 3306 708 3360 sclrliessen.
746 3298 819 3360 Uber
842 3309 935 3360 seinen
954 3307 1111 3360 Aufentnalr
1134 3308 1161 3359 in
1180 3305 1252 3359 Koln
1275 3305 1328 3376 vgl.
1348 3305 1494 3359 besonders
1515 3305 1579 3358 Car-

314 3392 404 3458 dauns,
424 3393 531 3446 Konrad
552 3411 604 3446 von
623 3394 760 3447 Hostaden
780 3396 805 3448 S.
829 3397 892 3463 1383
916 3415 940 3449 v.
961 3394 1095 3464 Hertling‚
1115 3394 1240 3448 Albertus
1258 3393 1385 3464 Magnus,
1405 3394 1529 3463 Beitrige
1548 3411 1579 3446 zu

314 3479 400 3532 seiner
413 3480 581 3551 Wurdigung
594 3481 772 3550 (Festschrift)
791 3483 816 3535 S.
831 3482 847 3534 6
861 3483 887 3536 fs.
917 3483 951 3535 Zu
972 3481 1018 3534 der
1030 3482 1113 3535 Stelle
1132 3480 1248 3534 daselbst
1268 3481 1332 3533 [aber
1350 3480 1396 3533 das
1407 3480 1579 3534 Zusammen·
1641 3490 1643 3494 '

313 3566 407 3620 tretsen
427 3567 532 3621 Alberts
552 3569 598 3621 mit
613 3569 704 3638 Kbnig
718 3569 846 3621 Wilbelm
867 3569 919 3639 vgl.
936 3569 1031 3639 iedoclr
1045 3568 1275 3633 Bohmer-Ficlrer,
1295 3569 1412 3638 Regesta
1431 3569 1534 3637 imperii
1547 3567 1587 3633 V,=
1618 3601 1623 3608 ·

313 3653 470 3725 Nr.”4955⁸
485 3655 520 3721 fl,
540 3657 684 3732 besonders
704 3659 781 3728 4958.

933 3813 961 3880 2.

423 3932 668 4022 Ordanrgrneral
685 3934 882 4024 (Jalaarrrresi)
907 3935 999 4001 drarrlrt
1015 3935 1160 4000 Albertns
1176 3935 1312 4074 Magnus
1336 3937 1389 4004 fiir
1411 3935 1490 3999 scine
1508 3934 1579 3998 Ver-

313 4021 423 4086 dr'enste
446 4045 497 4086 arar
523 4023 579 4087 den
605 4023 820 4111 Strosslurrgcr
844 4025 991 4090 Konveut.
1039 4021 1117 4108 (Um
1144 4021 1261 4112 1250.)

418 4124 506 4192 Idem
532 4126 646 4194 eidem.
693 4126 873 4194 Venerabili
902 4139 932 4193 et
956 4127 1049 4193 infra:
1080 4126 1214 4193 salutem
1238 4149 1271 4192 se
1299 4127 1403 4213 ipsum
1427 4149 1499 4192 cum
1525 4123 1580 4191 ob-

314 4215 460 4301 sequiose
493 4214 742 4302 promptitudine
774 4215 956 4281 voluntatis.
1012 4215 1108 4280 Letus
1141 4225 1249 4302 gratos
1279 4235 1380 4300 nuper
1408 4212 1446 4279 de
1478 4223 1582 4279 vestra

314 4302 497 4387 paternitate
532 4325 677 4369 rumores
709 4305 830 4390 accepi,
865 4302 944 4369 mihi
979 4301 1185 4370 exultacionis
1219 4319 1249 4367 et
1281 4298 1387 4388 gaudii
1416 4302 1580 4366 materiam

315 4387 495 4455 tribuentes.
542 4391 625 4456 Nam
650 4392 681 4457 in
706 4391 916 4477 Argentinam
940 4392 1115 4470 venientes,
1139 4391 1220 4456 sicut
1243 4389 1453 4454 karissimus.
1476 4387 1581 4453 .milri

316 4475 490 4561 significare
506 4479 634 4558 curavit,
657 4477 766 4544 fratres
788 4476 931 4543 doctrina
955 4499 1041 4543 sacra
1056 4476 1183 4543 reficitis
1199 4499 1272 4543 cum
1297 4498 1408 4542 eorum
1425 4472 1580 4561 profectu,

316 4564 524 4648 promocione
549 4563 683 4645 ordinm,
712 4576 742 4631 et
765 4576 943 4631 vestrorum
968 4565 1156 4631 meritorum
1180 4580 1354 4648 augmento
1385 4563 1468 4648 juxta
1490 4559 1581 4627 vobis

318 4672 500 4716 concessam
529 4651 636 4718 celitus
664 4651 861 4737 singulariter
889 4653 1020 4737 gratiam
1049 4670 1080 4716 et
1103 4649 1264 4716 donatam.
1315 4647 1457 4714 Pluribus
1487 4649 1580 4713 etiam

317 4735 476 4803 beneficiis
501 4750 531 4804 et
553 4740 648 4826 gratis
671 4737 829 4805 favoribus
853 4750 1050 4805 conventum
1074 4735 1212 4804 eundem
1229 4736 1386 4824 respicere
1409 4732 1580 4802 studuistis.

318 4820 417 4912 Super
445 4823 553 4913 quibus
588 4826 736 4893 omnibus
767 4828 938 4913 gratiarnm
970 4825 1149 4913 paternitati
1179 4835 1297 4905 vestre,
1329 4847 1405 4912 quas
1439 4845 1581 4910 possum,

1425 4928 1450 4970 a*
