3822 5592
350 608 408 692 146
930 621 1026 674 Briese.
1490 622 1513 691 J.
1535 622 1610 692 1289.

345 776 519 844 secundum
550 776 738 843 electionem
763 789 899 844 vestram
928 776 1105 858 abducitur,
1133 789 1220 844 sexta
1248 799 1318 864 pars
1341 778 1423 864 ipsas
1451 775 1609 844 redituum

345 876 564 952 consequatur.
611 864 680 930 Nec
703 875 833 952 propter
856 865 918 930 hoc
941 862 979 929 ad
1003 862 1192 931 solvendum
1216 887 1275 951 pro
1303 883 1368 930 rata
1396 863 1499 930 debita
1522 875 1610 930 tene-

344 971 449 1033 antur,
482 952 553 1039 quia
581 951 613 1016 in
644 949 717 1016 loco
749 949 957 1018 residentibus
986 950 1099 1018 cedent
1128 949 1250 1017 edificia
1283 962 1314 1017 et
1346 950 1418 1032 alia,
1451 974 1511 1039 que
1542 973 1608 1016 non

344 1050 477 1126 possunt
505 1061 576 1104 cum
607 1037 900 1124 transmigrantibus
929 1039 1160 1124 transmigrare.
1212 1039 1284 1104 Hoc
1313 1050 1418 1104 autern
1450 1061 1509 1124 pro
1539 1037 1609 1104 lee

344 1127 458 1192 servari
488 1125 563 1191 volo
594 1125 625 1190 in
660 1137 864 1212 perpetuum,
919 1124 984 1190 uod
1021 1148 1171 1191 numerus
1202 1147 1350 1202 sororum
1382 1148 1449 1190 non
1479 1148 1555 1192 exce
1580 1138 1610 1192 at

344 1213 659 1313 quinquagenarium,
683 1213 749 1278 sive
772 1210 822 1278 ille
847 1210 886 1277 de
945 1211 1125 1278 erderstede
1147 1210 1351 1293 adducantur,
1375 1213 1440 1279 sive
1458 1212 1497 1278 de
1521 1235 1608 1280 novo

344 1301 532 1386 recipiantur
562 1298 602 1364 de
629 1299 737 1365 seculo
761 1299 942 1380 venientes,
971 1321 1031 1365 nec
1058 1297 1111 1366 fiat
1135 1297 1174 1365 de
1202 1298 1390 1386 recipiendis
1413 1301 1546 1386 sponsio
1574 1301 1607 1365 in

344 1386 493 1453 futurum.
539 1383 601 1452 Sed
625 1409 697 1452 cum
722 1409 784 1451 una
807 1396 933 1452 mortua
955 1385 1058 1467 luerit,
1081 1384 1139 1452 alia
1162 1387 1358 1473 competenti
1382 1385 1608 1454 deliberatione

344 1473 502 1559 prehabita
524 1471 739 1558 subrogetur.8
775 1473 812 1538 In
836 1473 927 1538 liuius
950 1475 995 1539 rei
1012 1473 1232 1540 certitudinem
1255 1485 1437 1560 presentem
1461 1497 1498 1561 pa
1524 1474 1606 1539 inam

344 1559 417 1626 duxi
444 1558 552 1646 sigillis
575 1570 703 1641 nostr0,
733 1611 740 1625 .
765 1611 772 1625 .
802 1560 944 1646 priorum
971 1558 1254 1646 Magdeburgensis
1279 1571 1310 1626 et
1337 1496 1608 1627 Halberstadensis

343 1657 559 1714 conventuum
583 1645 799 1712 muniendam.
848 1648 965 1713 Actum
990 1669 1074 1712 anno
1101 1645 1224 1714 domini
1248 1647 1606 1714 Mtctctxxxvtss.

343 1733 424 1820 apud
447 1731 644 1819 Magdeburg
666 1751 740 1819 post
763 1745 908 1799 nostrum
933 1733 1101 1820 capitulum
1126 1732 1327 1820 provinciale.

362 1879 366 1883 ,
373 1875 633 1884 -μ-,..Ᾰ.-.-.-.-η-.-,...-
639 1876 657 1881 .-..

450 1948 458 1977 ¹
484 1939 656 2008 Quapropter
674 1939 795 1991 omnium
818 1939 950 1992 bonorum
977 1949 1026 1992 etc.
1073 1939 1156 2001 Quod
1181 1941 1273 1992 vestris
1297 1939 1342 1993 fot.
1365 1941 1422 2006 183.
1496 1948 1506 1976 ²
1531 1939 1606 1992 Felrlt

344 2009 387 2062 l'ol.
410 2018 493 2077 173'-
532 2007 615 2060 Dafur
634 2006 700 2060 fehlt
720 2007 765 2060 fol.
788 2009 834 2075 183
856 2007 902 2060 der
921 2007 1032 2060 Sclrlnss.

342 2135 657 2142 .-,.-.-.—...-.-.-.....

447 2198 572 2251 Zweimal
591 2197 636 2250 fol.
658 2197 799 2267 173vund
821 2198 877 2264 183.
915 2198 950 2250 Es
970 2199 1002 2251 ist
1022 2199 1094 2251 nicht
1112 2217 1179 2268 ganz
1199 2199 1293 2265 sicher,
1313 2200 1347 2251 ob
1369 2199 1435 2251 1288
1455 2197 1520 2251 oder
1536 2198 1603 2268 1289

342 2302 372 2336 au
392 2284 465 2337 lesen
484 2285 532 2348 ist;
557 2284 679 2336 letzteres
698 2283 789 2336 arurae
810 2283 849 2336 lt'tr
868 2284 910 2336 die
929 2284 1051 2354 Stellung
1072 2285 1119 2338 des
1138 2285 1296 2338 Sclneibens
1322 2287 1385 2338 cher
1408 2301 1516 2355 passen,
1542 2284 1605 2336 aber

341 2371 414 2424 wohl
433 2372 505 2424 nicht
524 2369 564 2424 fur
583 2371 633 2422 den
654 2369 747 2423 lnlanlt.
778 2371 833 2423 Das
846 2369 954 2424 Kloster
966 2372 1003 2424 St.
1018 2371 1145 2425 Nikolaus
1164 2373 1191 2425 in
1204 2371 1371 2425 Halberstadt
1390 2371 1500 2424 bestand
1519 2371 1603 2423 sclaon

340 2477 383 2512 ant
406 2475 444 2513 10.
464 2457 578 2512 Februar
600 2458 673 2529 1289,
692 2457 784 2512 wurde
804 2476 846 2511 am
868 2474 907 2527 13.
921 2459 973 2512 Mai
994 2476 1046 2512 von
1066 2459 1113 2512 der
1131 2459 1204 2513 Studt
1224 2459 1367 2512 anerlrannt
1386 2456 1439 2511 und
1458 2459 1483 2511 in
1503 2457 1603 2510 diesem

340 2546 512 2600 Sclniststt'tclr
531 2547 563 2599 ist
587 2564 635 2598 nur
654 2546 725 2599 noclr
744 2562 798 2600 von
824 2546 911 2599 einem
931 2547 1171 2618 Grimduagsplane
1196 2548 1238 2600 die
1257 2547 1338 2600 llede.
1376 2545 1467 2599 Gratiin
1486 2546 1532 2598 Bia
1550 2560 1604 2598 von

339 2636 503 2706 liegenstein
522 2653 577 2688 war
596 2634 637 2686 die
651 2634 748 2688 Mutter
766 2633 813 2686 des
826 2633 1031 2688 Dominilraners
1050 2635 1142 2689 Ulriclr
1161 2635 1214 2688 und
1233 2634 1279 2688 des
1292 2634 1392 2688 Grasen
1405 2633 1538 2699 Heinrich,
1558 2632 1605 2686 det

339 2741 382 2775 am
401 2723 478 2792 Tage
497 2722 565 2774 nacla
584 2721 631 2774 der
650 2721 798 2792 Grundung
817 2721 878 2774 clem
897 2722 1006 2776 llloster
1025 2723 1084 2776 eine
1103 2722 1193 2794 grosse
1213 2723 1374 2790 Schenlrung
1393 2721 1506 2774 maclrte.
1541 2719 1603 2789 Vgl.

341 2810 394 2864 Uli.
419 2809 442 2862 d.
462 2807 535 2860 Stadt
555 2807 722 2860 Halberstadt
741 2809 765 2874 1,
794 2825 843 2876 179
862 2809 908 2862 Nr.
930 2811 988 2862 228.
1026 2811 1091 2862 liine
1111 2810 1230 2862 'l'ocltter
1254 2810 1299 2862 der
1318 2807 1409 2861 Gratia
1433 2825 1489 2860 war
1508 2807 1533 2859 in
1557 2806 1603 2859 das

339 2895 446 2947 llloster
460 2893 637 2946 Wiederstetlt
656 2894 741 2946 sehon
760 2911 809 2946 vor
825 2896 890 2962 1287
905 2895 1025 2947 Olrtober
1039 2910 1069 2962 25
1091 2897 1265 2964 eingetreten.
1298 2895 1359 2964 Vgl.
1378 2895 1466 2946 hieran
1485 2893 1601 2956 Krtilme‚

340 2982 394 3035 UB.
414 2980 559 3034 dilloster
578 2978 932 3045 d.GrafschastMansse1d;
952 2982 1024 3034 darin
1045 2981 1069 3034 S.
1093 2995 1141 3052 549
1160 2981 1187 3034 ff.
1220 2981 1299 3034 Urltb.
1320 2981 1365 3033 des
1381 2978 1601 3048 l'redigerinnen-

338 3068 450 3120 ltlosters
469 3065 657 3132 Wiederstedt,
677 3066 821 3119 besonders
841 3067 887 3120 Nr.
908 3081 949 3121 22.

943 3239 1008 3308 l‘dll.

448 3361 692 3450 Ordeazsgenetal
708 3360 845 3452 (blattam)
869 3361 961 3429 duait
985 3365 1042 3430 alen
1058 3365 1199 3452 Bai-rgetu
1221 3387 1278 3430 aton
1297 3363 1442 3428 Eisertaclt
1458 3362 1602 3451 sibilare

344 3450 562 3537 Vermitteluag
593 3451 740 3536 zaviscbeu
765 3451 895 3516 Panae
923 3453 987 3516 aud
1009 3452 1128 3517 Kloster·
1156 3451 1284 3517 dnsellrst
1313 3450 1376 3515 und
1404 3449 1601 3536 eutsrlrnltligt

336 3541 416 3602 serite
444 3535 713 3622 Ordensgeaossen.
768 3536 863 3602 'rien
911 3534 1037 3628 (1289.)

444 3642 594 3726 Magister
615 3641 735 3706 ordinis
758 3643 942 3726 regratiatur
962 3642 1079 3708 civibus
1096 3643 1329 3708 stacensibus
1353 3665 1446 3728 super
1463 3639 1599 3730 quodam

340 3729 481 3812 negotio
523 3728 712 3813 Benignitati
736 3745 850 3807 vestre,
875 3751 934 3814 qua
958 3728 1056 3808 litem,
1080 3753 1141 3816 que
1166 3731 1246 3795 inter
1269 3740 1408 3794 vestrum
1434 3727 1599 3814 plebanum

340 3829 369 3880 ct
393 3813 501 3878 fratres
526 3825 654 3878 nostros
677 3813 805 3878 suborta
823 3813 945 3893 dicitur,
969 3817 1155 3902 intercipere
1174 3815 1327 3894 voluistis,
1351 3816 1463 3899 gratias
1486 3813 1600 3894 refero,

338 3919 469 3988 qtntntas
493 3922 634 3985 possum,
658 3902 770 3980 sciens,
794 3923 888 3986 quam
912 3903 950 3966 sit
974 3903 1057 3987 pacis
1080 3903 1242 3988 integritas
1266 3903 1339 3967 Deo
1363 3913 1459 3987 grata,
1484 3922 1543 3988 que
1567 3900 1598 3964 in

338 3986 470 4053 exordio
488 3988 655 4053 nativitatis
678 4009 734 4052 sue
750 4009 807 4052 ore
830 3986 973 4072 angelico
999 3990 1120 4055 extititl
1139 3988 1295 4076 predicata
1312 3987 1402 4054 'bone
1419 3986 1607 4066 hominibus

337 4073 517 4140 voluntatis,
565 4075 685 4139 Verum
718 4074 948 4159 experientiam
977 4089 1112 4142 vestram
1143 4099 1237 4142 nosse
1267 4077 1376 4162 cupi0,
1408 4071 1494 4161 quod
1524 4095 1598 4159 sepe

338 4163 480 4226 iniuriam
511 4162 685 4248 patiuntur,
717 4161 769 4248 qni
794 4184 862 4226 eam
894 4161 1008 4228 inferre
1037 4174 1193 4248 putantur.
1246 4163 1299 4228 Set
1329 4159 1456 4250 quando
1486 4161 1599 4227 veritas

337 4247 510 4328 discutitur,
534 4247 665 4336 liquido,
690 4251 760 4314 cui²
783 4247 886 4335 palma
909 4249 998 4316 cedat
1021 4252 1163 4330 victorie,
1188 4251 1355 4316 invenitur.
1395 4248 1600 4335 Quapropter·

337 4334 438 4400 dictos
462 4335 570 4402 fratres
595 4359 660 4401 nort
682 4337 787 4401 minus
810 4348 916 4420 gratos
934 4337 1053 4404 debetis
1077 4339 1201 4416 habere,
1226 4339 1251 4401 si
1274 4339 1338 4402 suis
1354 4348 1484 4402 utuntur
1507 4335 1599 4422 privi-

335 4423 436 4508 legiis,
460 4446 521 4511 que
546 4425 619 4511 ipsis
643 4422 725 4490 sedis
745 4423 918 4509 apostolice
941 4424 1139 4512 providentia
1161 4425 1211 4492 vel
1233 4424 1411 4510 legatorum
1435 4421 1599 4488 liberalitas

336 4510 469 4576 contulit
492 4513 523 4576 in
548 4511 679 4578 salutem
704 4509 855 4591 fidelium,
880 4535 946 4578 non
972 4515 1002 4578 in
1027 4514 1197 4599 perniciem
1222 4513 1409 4577 animarum.
1452 4511 1551 4596 lgitur
1573 4512 1597 4574 si

336 4595 436 4682 placet
460 4597 642 4664 discretioni
665 4609 786 4679 vestre,
815 4596 853 4664 ad
877 4599 1035 4686 predictos
1059 4599 1167 4666 fratres
1198 4599 1388 4664 familiariter
1412 4595 1598 4664 accedentes

336 4685 498 4772 requiratis
515 4685 552 4750 ab
575 4687 650 4772 ipsis
673 4687 721 4751 sui
744 4683 826 4766 facti,
850 4687 936 4774 quod
957 4689 1000 4754 eis
1024 4688 1208 4774 imponitur,
1233 4687 1401 4765 rationem,
1425 4696 1543 4772 quanto
1568 4696 1598 4750 et

336 4775 448 4837 iustam
466 4774 702 4838 excusationem
727 4784 758 4839 et
773 4787 914 4840 sanctam
938 4776 1148 4841 intentionem
1166 4773 1280 4839 habere
1303 4772 1485 4860 probantur,
1509 4783 1598 4838 tanto
1624 4849 1626 4854 Ι

335 4857 496 4923 dilectioni
525 4871 627 4923 vestre
659 4861 798 4924 tenacius
828 4861 1017 4940 inserantur,
1050 4861 1098 4924 sin
1134 4871 1255 4938 autem,
1289 4882 1345 4944 per
1377 4881 1429 4925 me
1462 4858 1512 4924 vel
1543 4880 1599 4944 per
