3828 5590
311 563 334 632 J.
356 577 431 630 ¹²70·
900 564 995 619 Briele.
1540 573 1558 636 7
1565 569 1579 635 3

312 719 385 772 Briel
400 737 453 772 von
475 719 699 786 Quetif·Eclrard,
719 722 792 774 niclrt
811 721 971 791 transgezablt.
1007 722 1055 774 iiia
1074 722 1150 775 Briel
1164 739 1197 775 an
1218 722 1263 775 ilm
1283 740 1346 776 vorn
1365 721 1581 792 Ordensgeueral

312 805 448 875 Jobannes
468 805 522 858 und
541 805 756 876 Generallrapitel
776 808 802 860 irr
821 805 960 860 llordeaux
977 811 1069 876 (1277)
1087 807 1169 862 studet
1189 809 1245 861 sich
1264 809 1290 860 in
1309 806 1356 862 der
1374 807 1581 862 Fonnelsarnnr-

312 891 377 962 lung
401 890 448 945 des
474 891 677 946 Bartholomius
701 891 875 959 Faventinus,
902 892 967 946 Ord.
988 893 1095 959 Praed.‚
1121 895 1147 946 in
1172 893 1385 964 uestiganda.
1411 912 1442 947 zu
1461 895 1582 950 Msrnster
1644 883 1650 897 ⁹

311 977 362 1032 HS.
385 995 434 1046 519
453 977 498 1032 fol.
518 979 577 1032 228.

921 1186 961 1254 36

417 1309 518 1397 Kr'irrig
534 1309 667 1412 erdcuig
682 1311 739 1376 IX.
765 1309 846 1375 bitte!
870 1311 917 1375 die
941 1309 1221 1412 heiria-‘Mailiinder
1242 1310 1489 1465 Gertcrolklrpitel
1510 1335 1579 1377 ver·

310 1396 488 1462 rarrrrrrelten
505 1397 737 1478 Domrmlraaer,
754 1400 816 1485 fiir
839 1399 894 1463 dus
915 1396 1085 1485 glriclrlrrlre
1107 1397 1255 1485 Gelmgen
1278 1420 1372 1465 scores
1418 1423 1581 1487 renzzuges

309 1508 348 1568 {a
372 1483 456 1550 beten
480 1485 545 1550 nard
567 1487 659 1574 eisrig
682 1486 737 1551 das
760 1487 864 1572 Krenr
886 1509 925 1572 <a
943 1485 1100 1573 prrdr'gerr.
1148 1483 1249 1570 (1270
1274 1486 1456 1576 Frrihjahr.)

415 1588 603 1657 Ludewicus
627 1591 688 1656 Dei
711 1591 810 1677 gratia
833 1592 1027 1656 Francorum
1052 1613 1106 1656 rex
1130 1588 1250 1656 dilectis
1273 1592 1337 1656 suis
1362 1643 1369 1656 .
1395 1644 1402 1656 .
1426 1593 1579 1678 magistro

310 1687 341 1742 et
357 1675 578 1744 diffinitoribus
603 1702 730 1744 necnon
749 1730 755 1743 .
775 1730 781 1743 .
799 1676 992 1766 pr(i)oribus
1009 1679 1184 1765 ceterisque
1208 1676 1351 1744 fratribus
1375 1679 1528 1746 universis
1547 1680 1579 1744 in

302 1763 445 1851 'capitulo
476 1765 614 1916 generali
650 1765 780 1830 fratrum
810 1763 1047 1830 Predicatorum
1081 1763 1162 1851 apud
1191 1763 1411 1831 Mediolanum
1445 1788 1579 1852 congre-

309 1850 419 1937 gandis
448 1863 581 1918 sautem
609 1863 640 1918 et
668 1851 883 1917 dilectionem.
934 1852 971 1916 Er
1002 1853 1027 1916 si
1055 1875 1181 1938 semper
1213 1869 1339 1917 tenetur
1367 1863 1399 1918 et
1427 1854 1459 1918 in
1489 1854 1580 1918 omni

308 1949 454 2025 tempore
472 1937 612 2025 diligere,
637 1940 689 2026 qui
706 1939 825 2004 amicus
843 1958 900 2019 est,
925 1939 1007 2004 ‘trata
1024 1939 1214 2004 sententiam
1231 1940 1390 2025 sapientis,
1415 1962 1454 2005 eo
1471 1950 1578 2005 tamen

308 2043 455 2110 tempore
486 2025 599 2091 melius
624 2024 850 2112 comprobatur
883 2049 920 2091 ex
933 2026 1077 2090 albitione
1109 2026 1214 2111 operis
1248 2025 1360 2091 karitas
1391 2037 1422 2091 et
1452 2025 1578 2091 affectio

308 2109 477 2197 diligentis,
501 2135 566 2199 quo
582 2111 651 2199 plus
668 2123 758 2197 urget
775 2109 880 2177 dilecti
897 2113 1068 2177 necessitas
1090 2130 1121 2176 et
1138 2111 1252 2176 utilitas
1267 2110 1434 2197 persuadet
1450 2113 1577 2177 amoris.

309 2197 388 2262 Ecce
414 2220 510 2279 riunc,
535 2197 698 2278 karissimi,
724 2195 816 2264 nobis
841 2199 898 2264 iter
914 2198 1122 2263 transmarine
1146 2199 1411 2284 peregrinationis
1431 2199 1580 2284 ingressis

309 2309 390 2350 onus
415 2283 569 2351 incumbit
593 2283 773 2351 fortioribus
798 2285 938 2350 humeris
962 2283 1161 2372 importabile
1177 2307 1272 2372 grave
1296 2285 1400 2351 nimis
1437 2286 1509 2350 Hoc
1533 2296 1580 2350 est

309 2396 406 2453 (titiis,
438 2371 495 2438 sub
520 2397 584 2460 quo
614 2373 700 2462 quasi
723 2373 869 2460 gigantes
896 2371 953 2438 sub
986 2373 1074 2474 aquis
1098 2383 1289 2460 gemuerunt
1319 2373 1376 2438 viri
1405 2371 1579 2453 fortissimi,

310 2472 457 2546 potentes
486 2484 503 2526 a
531 2460 656 2541 secale,
686 2461 744 2526 viri
773 2461 879 2548 magni
903 2461 1044 2526 nominis
1078 2472 1109 2528 et
1139 2459 1263 2526 famosi.
1310 2461 1382 2526 Hoc
1411 2473 1458 2527 est
1487 2483 1579 2541 onus,

310 2545 367 2614 sub
391 2572 455 2637 quo
480 2548 582 2616 multo
606 2548 712 2615 labore
736 2547 882 2615 sudatum
908 2568 954 2614 est
979 2548 1130 2615 hactenus
1153 2559 1246 2636 atque
1270 2547 1376 2614 multis
1401 2559 1432 2615 et
1455 2571 1506 2614 nra
1532 2549 1580 2614 nis

311 2635 486 2723 sumptibus
510 2635 696 2718 laboratum,
722 2635 819 2702 multa
843 2637 1005 2723 sanguinis
1030 2635 1183 2702 effusione
1209 2647 1255 2702 est
1279 2647 1466 2722 pugnatum.
1507 2571 1580 2702 lloc

311 2735 358 2789 est
381 2747 479 2804 onus,
510 2723 567 2790 sub
595 2747 661 2812 quo
686 2723 895 2790 laboravimus
926 2723 1135 2811 aliquociens,
1167 2746 1227 2788 nos
1252 2734 1283 2788 et
1307 2725 1424 2804 nostri,
1455 2721 1494 2788 ad
1517 2723 1580 2790 hoc

310 2809 405 2874 etiarn
429 2811 505 2876 totis
523 2809 687 2875 comitibus
712 2833 784 2875 curn
802 2810 862 2874 Dei
887 2809 1043 2895 adjutorio
1069 2807 1269 2874 intendentes
1285 2831 1343 2894 pro
1367 2809 1448 2874 illius
1470 2832 1579 2874 amore

310 2895 423 2981 pariter
455 2907 485 2962 et
514 2895 639 2962 honore
669 2897 750 2962 circa
773 2907 856 2962 terre
886 2913 993 2961 sancte
1023 2892 1197 2960 subsidium
1227 2893 1405 2976 decertare,
1437 2897 1490 2982 qui
1521 2917 1579 2982 pro

309 2982 400 3048 nobis
425 2981 542 3050 ibidem
560 3008 596 3050 us
620 3008 659 3050 ue
675 2982 713 3050 ad
731 2983 921 3050 effusionem
938 2983 1055 3070 proprii
1073 2983 1245 3068 sanguinis
1270 3006 1368 3071 usque
1385 2981 1423 3049 ad
1440 2993 1580 3049 mortem

309 3072 408 3137 crucis
432 3094 488 3138 sua
511 3008 658 3138 ineffabili
681 3073 796 3159 pietate
821 3073 959 3138 certavit.
997 3069 1049 3136 Ad
1072 3069 1162 3156 hujus
1186 3069 1343 3171 siquidem
1367 3071 1468 3137 nostri
1492 3093 1580 3137 com.-

307 3159 558 3249 sumatione(rn)
583 3161 764 3227 certaminis
789 3157 883 3226 etad
911 3159 988 3225 tanti
1013 3158 1120 3224 oneris
1143 3169 1330 3244 gravitatem
1354 3182 1413 3225 nec
1437 3160 1580 3247 proprias

306 3247 387 3314 vires
416 3247 560 3316 sufficere
592 3273 650 3316 nec
674 3249 838 3316 scientiam
864 3247 912 3316 vel
941 3247 1119 3335 potentiam
1150 3264 1293 3313 nostram
1323 3257 1491 3335 suppetere
1521 3270 1579 3350 pro

307 3348 395 3404 certo
419 3338 669 3424 congnoscimus
693 3361 752 3404 nec
776 3336 936 3424 suffragari
956 3337 1078 3417 merita,
1103 3354 1150 3402 set
1167 3335 1268 3423 magis
1292 3335 1450 3423 rellragari
1468 3334 1580 3403 delicta

306 3426 433 3511 propria
456 3423 681 3506 lormidamus,
713 3423 752 3490 de
776 3424 855 3490 illius
887 3435 994 3490 tamen
1019 3421 1218 3489 confidentes
1242 3423 1372 3504 auxilio,
1403 3422 1578 3511 quidese

307 3522 467 3597 sperantes
492 3536 527 3577 us
552 3536 714 3601 nequaque
742 3535 809 3578 non
834 3510 963 3592 deserit,
993 3511 1046 3598 qui
1075 3528 1148 3597 post
1177 3509 1319 3577 nubilum
1344 3509 1395 3576 dat
1426 3533 1574 3577 serenum

308 3609 434 3684 etpost
463 3535 695 3665 destilationem
727 3610 758 3664 et
786 3597 896 3664 fletum
926 3597 1153 3662 exultationem
1182 3596 1327 3663 iufundit.
1375 3596 1579 3662 Effundamus

306 3685 400 3770 igitur
425 3683 521 3750 corda
545 3705 652 3751 nostra
667 3686 868 3765 unanimiter,
893 3684 1058 3764 karissimi,
1083 3706 1190 3748 coram
1213 3683 1277 3763 ill0,
1301 3695 1382 3749 utet
1405 3684 1472 3769 ipse
1490 3684 1579 3749 Deus

305 3769 428 3857 adjutor
444 3783 554 3838 noster
575 3773 607 3837 in
624 3771 888 3859 oportunitatibus
906 3794 990 3836 ntnrc
1007 3769 1116 3836 adesse
1139 3793 1193 3834 sua
1210 3768 1403 3855 benignitate
1421 3769 1578 3855 dignetur,

306 3870 435 3944 exurgat
460 3871 491 3925 et
522 3871 665 3926 conterat
699 3859 806 3925 hostes
831 3859 931 3924 crucis
960 3869 1076 3924 terram
1101 3881 1189 3922 suam
1221 3869 1361 3924 sanctam
1386 3881 1445 3922 suo
1476 3880 1579 3922 sacro-

305 3956 414 4012 sancto
444 3947 598 4032 sanguine
631 3965 848 4012 consecratam
878 3945 1132 4012 contaminantes
1159 3942 1283 4010 assidue
1313 3956 1344 4011 et
1375 3943 1509 4010 eandem
1539 3943 1578 4010 de

305 4033 449 4099 manibus
474 4035 616 4120 ipsorum
640 4045 789 4120 potenter
813 4035 921 4120 eripiat
945 4031 984 4098 ad
1008 4033 1168 4098 bonorem
1185 4033 1232 4097 sui
1257 4033 1356 4099 sancti
1379 4032 1521 4098 nominis
1545 4044 1577 4098 et

306 4119 530 4188 exultationem
557 4140 587 4187 et
604 4119 754 4208 gaudium
779 4145 834 4187 sue
852 4120 1084 4187 christianitatis
1108 4129 1139 4186 et
1156 4119 1287 4185 ecclesie
1311 4119 1476 4207 generalis.
1512 4119 1575 4185 Pro

306 4207 362 4274 bac
386 4227 490 4275 autem
516 4233 600 4276 mmc
624 4232 715 4276 orare
740 4235 777 4276 ex
801 4207 865 4275 edit
889 4210 1093 4289 incessanter,
1124 4205 1284 4294 predicare
1307 4208 1422 4295 pariter
1446 4219 1477 4274 et
1499 4229 1578 4295 pug-

307 4320 380 4364 nare
404 4297 612 4385 spiritualibus
635 4298 730 4364 annis
753 4232 824 4364 illias
847 4299 995 4385 precipue
1019 4294 1093 4362 fidei
1117 4295 1288 4381 agonistas,
1335 4296 1366 4361 ui
1390 4294 1486 4362 lorica
1503 4293 1578 4362 fidei

307 4397 338 4451 et
361 4387 574 4473 castigationis
598 4384 715 4467 induti,
738 4385 826 4474 galea
850 4385 956 4451 salutis
981 4385 1102 4465 amicti,
1131 4381 1238 4470 gladio
1262 4319 1348 4451 verli
1372 4385 1433 4450 Dei
1463 4384 1578 4470 pariter

307 4474 448 4555 accincti,
473 4486 597 4541 scutum
622 4475 774 4540 orationis
801 4484 971 4561 opponunt
995 4472 1106 4538 ictibus
1129 4468 1347 4553 adversorum,
1371 4473 1487 4560 quique
1508 4473 1580 4538 viri-

307 4560 376 4627 liter
400 4562 557 4630 elevantes
589 4587 661 4628 cum
686 4563 802 4652 Moyse
833 4585 945 4628 manus
974 4583 1060 4640 suas,
1091 4557 1286 4626 invisibiliter
1309 4559 1417 4626 hostes
1448 4559 1579 4644 vincunt

308 4661 339 4716 et
362 4649 514 4737 populum
531 4651 592 4716 Dei
615 4669 811 4738 pugnantem
829 4649 977 4716 adiuvant
1001 4646 1167 4714 efficaciter
1191 4659 1222 4713 et
1238 4645 1422 4714 defendunt.
1461 4649 1498 4714 ln
1515 4647 1577 4714 hoc

308 4738 417 4823 igitur,
441 4738 606 4820 karissimi,
636 4750 740 4806 vestre
773 4739 910 4804 karitatis
941 4735 1097 4823 adjutorio
1129 4733 1329 4802 confidentes
1361 4758 1512 4822 rogamus
1547 4746 1578 4800 et

308 4823 510 4891 obsecranmr
533 4829 768 4893 universitatem
792 4838 945 4902 vestram,
977 4825 1008 4888 in
1032 4821 1167 4888 domino
1194 4821 1283 4888 flexis
1307 4821 1441 4910 genibus
1472 4820 1578 4888 cordis
