3822 5592
334 580 395 669 164
918 595 1012 652 brief.
1474 599 1495 670 J.
1519 613 1593 672 1294.

328 777 422 843 super
445 755 582 836 Renum,
607 755 765 822 honestati
789 754 909 821 ordinis
934 754 1103 822 consulens
1126 756 1159 822 in
1184 755 1241 822 bac
1264 768 1351 844 parte
1375 755 1476 838 vobis,
1500 757 1593 825 frater

328 840 523 930 Io(hannes)
547 840 587 908 de
611 841 814 910 Columbaria
837 841 953 908 domus
976 841 1304 925 Frankenuordensis,
1336 843 1475 911 districte
1499 864 1530 911 et
1560 846 1592 910 in

328 931 442 996 virtute
465 942 573 997 sancte
596 928 775 996 obedientie
799 928 955 1016 prohibeo
978 952 1014 995 ac
1036 928 1209 1012 interdico,
1239 954 1279 996 ne
1304 954 1376 997 cum
1408 929 1468 997 filia
1492 930 1593 998 fratris

328 1019 432 1098 vestri,
457 1014 496 1082 de
512 1039 573 1104 qua
589 1018 752 1084 materiam
769 1015 905 1082 scandali
925 1017 1106 1097 incurristis,
1131 1019 1327 1084 conveniatis
1343 1017 1382 1084 ad
1399 1041 1593 1086 convescen-

328 1102 415 1184 dum,
432 1102 690 1184 combibendum,
714 1102 752 1169 ad
769 1101 992 1169 dormiendum
1009 1102 1066 1168 sub
1082 1125 1147 1168 uno
1164 1115 1261 1185 tecto,
1285 1105 1323 1171 ad
1341 1104 1593 1187 consedendum,

327 1189 366 1257 ad
390 1189 638 1278 colloquendum
667 1191 727 1256 nisi
755 1191 787 1256 in
816 1189 942 1277 publico
971 1189 1008 1255 ab
1031 1191 1093 1256 isto
1118 1189 1168 1256 die
1199 1193 1378 1258 inantea.
1404 1245 1411 1258 .
1437 1245 1444 1258 .
1474 1194 1590 1259 Actum

327 1277 527 1380 Hagenowie
561 1300 647 1345 anno
682 1276 805 1344 domini
839 1277 1093 1359 mccxclv,
1130 1276 1230 1365 pridie
1263 1301 1365 1345 nonas
1398 1279 1591 1362 novembris,

326 1387 442 1452 priore,
458 1366 633 1452 supprime,
656 1364 775 1432 lectore
792 1366 965 1454 ceterisque
982 1363 1125 1431 fratribus
1142 1385 1319 1432 conventus
1336 1368 1592 1452 Hagenowensis

327 1450 523 1538 presentibus
547 1464 578 1519 et
601 1452 661 1518 bec
680 1450 793 1518 eadem
817 1451 1071 1538 intelligentibus.

431 1627 560 1698 Fol.193.
598 1626 651 1680 Am
671 1625 763 1680 selben
776 1625 852 1697 Tage
872 1627 965 1680 erlrielt
983 1627 1088 1697 Joltann
1108 1644 1161 1680 von
1174 1627 1285 1680 Kolmar
1304 1628 1345 1680 ein
1365 1627 1510 1681 Scbreiben
1525 1628 1592 1681 Her·

326 1732 428 1781 manns,
448 1715 494 1768 das
513 1715 559 1768 ibn
577 1716 604 1768 in
617 1716 660 1768 ein
679 1714 790 1768 anderes
802 1713 911 1768 Kloster
923 1716 1044 1769 verwies.
1073 1713 1155 1768 Trotz
1167 1715 1214 1768 des
1227 1714 1459 1786 gleichlautenden
1472 1715 1591 1769 Namens

324 1803 358 1856 ist
381 1801 455 1856 wohl
480 1801 553 1856 nicht
577 1818 610 1855 an
635 1801 686 1855 den
712 1802 738 1856 in
762 1801 814 1855 den
832 1801 928 1856 Annal.
951 1801 1068 1856 Colruar.
1092 1801 1165 1869 (ΜΟ.
1185 1801 1230 1856 SS.
1249 1803 1337 1868 XVll)
1361 1802 1590 1857 vorkommenden

325 1888 405 1944 frater
422 1889 559 1960 Joltannes
579 1888 612 1942 de
631 1888 802 1943 Columbaria
820 1907 852 1942 zu
871 1889 983 1944 denken.

927 2044 991 2114 157.

429 2165 591 2230 Hermann
612 2187 672 2230 von
688 2164 815 2230 Minden
837 2177 911 2251 setqt
933 2167 995 2253 rrrrs
1006 2165 1198 2252 Anordnung
1221 2165 1272 2230 des
1287 2165 1591 2254 Provinqialkapitels

322 2254 354 2317 in
378 2252 487 2318 Krrms
509 2251 556 2318 dir
574 2251 714 2338 Grerrzen
736 2251 885 2337 teutschen
907 2253 963 2317 den
987 2251 1128 2335 Klbstrrn
1151 2254 1183 2317 irr
1202 2251 1352 2338 Freiburg
1374 2252 1439 2317 rrrrd
1461 2251 1591 2318 Kolrrrar

320 2341 389 2424 sert.
436 2338 576 2406 Kolmar.
623 2335 724 2427 (1294
747 2339 917 2426 Dczerrrbrr
943 2339 985 2430 ι.)

427 2445 478 2511 De
501 2445 698 2512 limitatione.
733 2444 892 2512 Noverint
907 2445 1045 2512 universi
1062 2445 1255 2531 presentium
1273 2445 1479 2532 inspectores,
1504 2441 1590 2532 quod

322 2553 384 2619 ego
401 2531 495 2600 frater
510 2531 748 2621 Her(mannus)
767 2531 806 2600 de
822 2531 931 2600 Minda
948 2532 1067 2599 ordinis
1081 2532 1318 2599 Predicatorum
1335 2531 1451 2598 domus
1468 2534 1591 2619 Argen-

320 2621 453 2688 tinensis
483 2643 577 2710 super
605 2620 793 2688 limitatione
826 2621 907 2688 inter
936 2639 1113 2688 conventus
1137 2620 1378 2707 Fribergensem
1402 2631 1432 2686 et
1458 2619 1588 2686 Colum·

320 2707 497 2776 bariensem
521 2710 625 2797 recepi
649 2708 897 2776 reverendorum
921 2721 1044 2798 patrum
1061 2709 1101 2775 H.
1118 2709 1231 2796 prioris
1250 2707 1389 2775 Traiecti
1406 2709 1587 2796 superioris,

320 2795 454 2882 Lupoldi
496 2795 612 2863 domus
651 2797 872 2878 Wiennensis,
912 2797 1017 2863 Alradi
1058 2795 1173 2862 domus
1210 2795 1423 2882 Erbipolensis
1458 2795 1586 2862 fratrum

320 2881 557 2949 Predicatorum
586 2882 706 2949 ordinis
741 2882 880 2949 iudicum
904 2883 1028 2970 capituli
1080 2882 1257 2949 rovincialis
1287 2881 1368 2969 apud
1399 2883 1584 2948 Crernesarn

321 2968 466 3037 celebrati
489 2970 725 3036 commissionis
748 2969 864 3037 litteras
888 2969 944 3035 sub
968 2971 1026 3036 hac
1050 2906 1167 3035 liirma:
1196 2969 1321 3036 Notum
1345 2968 1585 3036 essevolumus

321 3057 490 3139 universis,
520 3055 559 3123 ad
583 3079 663 3146 quos
686 3079 816 3144 presens
839 3057 989 3144 scriptum
1013 3057 1205 3145 pervenerit,
1234 3054 1320 3145 quod
1344 3079 1404 3122 nos
1429 3079 1467 3121 ex
1498 3078 1586 3122 com-

321 3145 473 3211 missione
496 3144 621 3232 speciali
644 3145 756 3232 prioris
780 3143 979 3232 provincialis
1003 3155 1034 3211 et
1050 3143 1257 3210 diffinitorum
1282 3143 1407 3231 capituli
1430 3145 1492 3210 iam
1516 3166 1585 3231 pre-

321 3230 395 3299 drctt
418 3231 639 3299 limitationem
664 3232 746 3299 inter
769 3243 946 3300 conventus
969 3231 1210 3319 Friburgensem
1236 3243 1267 3298 et
1288 3230 1585 3297 Columbariensem

320 3320 551 3386 committimus
567 3317 709 3386 fratribus
732 3318 842 3386 lectori
859 3319 1059 3406 Friburgensi
1076 3343 1114 3386 ex
1131 3343 1191 3386 una
1215 3331 1301 3407 parte
1319 3331 1350 3386 et
1373 3317 1457 3384 fratri
1471 3319 1586 3384 Wern-

319 3407 398 3474 hero
423 3405 462 3474 de
485 3406 636 3473 Elrebaclr
659 3431 698 3473 ex
721 3407 815 3474 altera
838 3429 966 3473 necnon
991 3418 1022 3473 et
1045 3404 1129 3474 fratri
1152 3405 1377 3494 H(ermanno)
1402 3405 1441 3471 de
1465 3405 1586 3493 Mynda

319 3505 481 3580 tamquam
512 3495 665 3581 superiori
693 3493 732 3560 ad
761 3493 1021 3560 concordandum
1046 3517 1117 3575 eos,
1149 3496 1175 3560 si
1204 3505 1346 3580 oportet,
1380 3491 1420 3558 de
1448 3515 1585 3580 quorum

319 3578 510 3646 discretione
543 3579 716 3666 specialiter
749 3579 957 3661 confidimus,
995 3581 1140 3667 quatinus
1173 3580 1329 3645 dictorum
1368 3597 1585 3644 conventuum

320 3665 522 3732 conditiones
546 3677 577 3732 et
605 3667 761 3733 terminos
790 3665 989 3732 advertentes
1015 3719 1021 3732 .
1048 3719 1054 3732 .
1081 3719 1087 3731 .
1112 3665 1335 3732 limitationem
1363 3663 1493 3745 faciant,
1525 3688 1586 3753 que

318 3754 351 3819 in
381 3765 546 3840 posterum
577 3751 761 3821 observetur
789 3777 806 3818 a
834 3753 1043 3820 conventibus
1077 3754 1138 3819 iam
1167 3751 1325 3840 predictis.
1377 3752 1460 3818 Cum
1492 3753 1586 3838 igitur

319 3862 381 3926 ego
411 3839 505 3907 frater
537 3839 774 3928 Her(mannus)
809 3839 966 3928 quandam
998 3840 1232 3906 ordinationem
1261 3863 1278 3906 a
1307 3838 1432 3928 prefatis
1461 3837 1584 3905 duobus

317 3925 537 3994 limitatoribus
566 3927 760 3994 clandestine
792 3939 1007 4014 attemptatam
1031 3926 1124 3994 velud
1153 3929 1325 4014 captiosam
1356 3939 1387 3992 et
1410 3949 1428 3991 a
1451 3949 1584 3992 consue·

318 4012 427 4080 tudine
459 4013 578 4080 ordinis
603 4013 736 4080 alienam
769 4015 959 4080 assentiente
991 4015 1069 4080 mihi
1100 4015 1282 4080 Wernhero
1313 4013 1481 4079 limitatore
1514 4035 1583 4100 pre-

318 4099 382 4166 fato
411 4099 641 4188 reprobabilem
672 4099 859 4182 iudicarem,
892 4103 936 4166 sic
969 4101 1126 4182 ordinavi,
1159 4103 1203 4166 sic
1227 4101 1334 4181 statui,
1367 4101 1411 4166 sic
1445 4098 1582 4181 distinxi,

316 4186 461 4254 videlicet
477 4186 564 4276 quod
580 4188 740 4254 Brisacum
757 4186 1175 4255 cedet'Colurnbaricnsibus
1191 4189 1286 4275 pleno
1303 4189 1379 4268 iure,
1403 4187 1583 4274 hospicium

316 4291 434 4356 tamen,
457 4274 544 4364 quod
567 4273 697 4342 fratrum
721 4274 843 4357 dicitur,
874 4275 912 4342 ad
935 4275 1089 4342 utendum
1113 4275 1267 4342 deserviet
1291 4272 1473 4340 commodis
1496 4292 1583 4339 utro-

315 4385 459 4450 rumque.
507 4360 607 4442 Quod
631 4364 656 4428 si
680 4361 772 4452 aliqui
797 4361 924 4428 fratrum
949 4362 1204 4449 Friburgensium
1229 4360 1367 4428 confessi
1390 4384 1425 4427 se
1447 4372 1582 4428 transtu·

314 4447 407 4518 lerint
422 4451 453 4517 in
471 4449 643 4532 Brisacum,
664 4449 773 4517 fratres
789 4451 850 4517 iam
868 4449 941 4517 dicti
968 4449 1132 4518 confessos
1149 4473 1234 4531 suos,
1258 4449 1284 4515 si
1300 4448 1440 4550 requisiti
1456 4446 1581 4528 fuerint,

314 4549 465 4625 poterunt
488 4536 604 4605 ibidem
622 4561 680 4626 pro
703 4550 849 4626 tempore
865 4539 999 4605 visitare.
1040 4539 1076 4604 In
1099 4537 1191 4604 huius
1214 4538 1259 4604 rei
1283 4537 1504 4604 testimonium
1522 4547 1580 4602 etc.

313 4626 432 4694 Actum
461 4625 681 4708 Columbarie,
712 4649 797 4693 anno
828 4624 950 4692 domini
977 4625 1197 4693 M.C⁰C.X⁰C.
1222 4636 1349 4713 quarto,
1380 4624 1413 4689 in
1445 4624 1581 4690 crastino

314 4714 414 4780 sancti
437 4713 566 4780 Andree
592 4713 737 4801 apostoli.

419 4869 475 4924 Fol.
499 4881 582 4944 193v.
