3822 5592
338 629 397 710 138
919 639 1013 694 Brielc.
1475 641 1497 710 J.
1520 643 1593 712 1289.

332 799 394 864 boc
418 821 490 864 casu
514 797 631 864 nullam
654 799 768 885 propin
792 799 886 879 uitas,
915 797 1095 877 infirmitas,
1124 795 1295 878 medicina,
1327 796 1516 864 familiaritas
1544 811 1595 864 aut

332 883 540 952 beneficentia
556 884 723 952 excusabit.
790 907 840 950 am
858 883 935 951 lacta
952 884 1021 950 lnce
1044 885 1180 970 primum
1197 907 1253 971 per
1268 896 1430 950 auctorem
1448 885 1592 950 omnium

332 996 349 1038 a
371 972 508 1038 tenebris
532 991 579 1038 est
603 970 710 1038 divisa.
754 972 792 1038 Et
807 973 878 1060 quia
902 983 1006 1038 tantus
1031 993 1176 1037 excessus
1192 972 1243 1039 vix
1266 983 1374 1059 posset
1398 972 1594 1059 contingere,

331 1061 372 1142 si,
400 1081 460 1160 que
484 1073 629 1147 presunt,
659 1059 775 1126 vellent
797 1081 891 1146 super
914 1058 1029 1126 domus
1057 1058 1198 1126 custodia
1222 1058 1364 1146 vigilare,
1394 1059 1456 1126 hoc
1480 1059 1594 1125 ordino

333 1159 363 1214 et
378 1148 522 1232 innntgo,
547 1160 710 1235 quatenus,
733 1148 758 1212 si
775 1169 911 1233 persone
935 1147 1088 1212 seculares
1104 1145 1154 1212 vel
1177 1145 1335 1232 religiose,
1359 1169 1419 1234 qne
1441 1169 1505 1212 non
1523 1160 1595 1213 sunt

332 1235 432 1300 nostri
457 1233 587 1314 ordinis,
611 1233 691 1300 intra
712 1233 880 1300 claustrum
904 1256 959 1320 per
983 1231 1165 1298 industriam
1191 1234 1370 1313 invitantur,
1395 1231 1595 1313 inducuntur,

332 1320 511 1398 illabuntur,
542 1322 751 1407 recipiuntur,
782 1321 990 1400 associantur,
1015 1318 1176 1386 dormiunt
1205 1331 1257 1386 ant
1281 1333 1464 1400 vescuntur,
1496 1322 1596 1386 cuius-

332 1429 455 1494 cunque
484 1418 581 1473 status
605 1407 655 1473 vel
683 1429 775 1473 sexus
804 1405 932 1487 luerint,
963 1408 1150 1493 priorissaa
1179 1429 1237 1472 suo
1262 1405 1370 1472 officio
1400 1406 1595 1492 presentibus

332 1496 372 1560 sit
395 1517 562 1582 suspensa,
594 1492 696 1559 donec
721 1495 867 1580 imposita
897 1492 953 1558 sibi
984 1494 1156 1580 penitentia
1185 1491 1351 1560 sufficienti
1373 1516 1428 1579 per
1456 1495 1594 1580 priorem

330 1584 566 1666 Augustensem
579 1580 617 1648 de
631 1580 764 1646 consilio
775 1578 984 1646 discretorum
1001 1579 1175 1662 satisfaciat,
1193 1579 1284 1646 luerit
1301 1582 1470 1646 restituta.‘²
1495 1580 1595 1660 Quod

332 1669 358 1732 si
382 1669 493 1734 iterato
517 1667 563 1748 fit,
591 1669 703 1735 iterum
729 1691 895 1755 suspensa,
926 1669 1026 1733 :acrius
1049 1669 1208 1753 puniatur,
1238 1679 1286 1734 set
1310 1669 1376 1733 eius
1399 1669 1555 1734 restitutio
1579 1693 1595 1732 a

330 1755 436 1840 priore
459 1754 640 1841 provinciali
665 1755 713 1820 vel
738 1756 803 1820 eins
826 1756 942 1820 vicario
966 1755 1071 1840 priore
1095 1753 1154 1819 loci
1179 1753 1318 1820 adhibito
1342 1755 1526 1840 postuletur.
1563 1755 1596 1820 Si

331 1863 407 1907 vero
425 1843 518 1907 tertio
536 1843 714 1927 contigerit,
738 1842 807 1927 ipso
832 1840 914 1906 facto
939 1843 976 1906 sit
994 1840 1134 1906 absoluta
1157 1839 1194 1906 ab
1211 1839 1330 1922 officio,
1354 1840 1440 1928 quod
1456 1841 1594 1927 gerebat,

332 1928 372 1994 de
401 1947 507 1994 cetero
536 1928 651 2017 absque
681 1927 728 1993 dis
752 1929 916 1993 ensatione
944 1928 981 1992 ad
1011 1925 1150 1992 officium
1180 1927 1281 1992 simile
1305 1929 1437 1992 minime
1466 1950 1596 2014 promo-

332 2013 447 2094 venda,
476 2016 536 2079 nisi
559 2013 641 2079 forte
665 2015 696 2079 in
720 1950 861 2079 llaudem
885 2013 947 2078 hoc
971 2011 1072 2078 facere
1096 2025 1277 2093 conaretur,
1309 2026 1341 2080 ut
1366 2034 1483 2080 careret
1508 2013 1594 2079 tedio

331 2099 438 2166 officii.
476 2101 507 2166 T
510 2123 571 2167 unc
590 2123 657 2165 non
680 2099 784 2166 iudico
808 2099 980 2166 absolutam
1006 2113 1053 2166 set
1076 2101 1292 2186 suspensionis
1314 2099 1443 2166 durante
1467 2099 1593 2166 vinculo

333 2211 367 2252 ns
391 2211 430 2253 ue
453 2187 491 2254 ad
509 2187 775 2254 consultationem
799 2186 998 2273 provincialis
1021 2186 1070 2252 vel
1095 2187 1160 2251 eius
1176 2188 1281 2252 vicarii
1303 2210 1359 2274 per
1378 2189 1593 2254 remotionem

330 2297 346 2339 a
363 2210 509 2355 sinestra,
533 2295 602 2340 rota
619 2285 650 2340 et
666 2274 787 2354 hostiis,
811 2275 890 2339 sicut
914 2274 1008 2358 priori
1026 2273 1128 2339 visunt
1146 2271 1248 2354 fuerit,
1273 2275 1426 2360 puniatur.
1461 2275 1593 2340 Proviso

331 2360 416 2449 quod
433 2362 608 2427 consiliarie
634 2379 663 2427 et
688 2383 815 2426 sorores
831 2360 898 2440 alie,
923 2384 984 2448 que
1009 2360 1172 2447 prohibitis
1197 2360 1387 2446 ingressibus
1410 2374 1440 2428 et
1464 2363 1594 2447 egressi-

332 2448 387 2515 bus
411 2448 598 2536 impendunt
621 2447 803 2529 consilinm,
832 2447 979 2514 artaxilinrn
1004 2448 1052 2514 vel
1078 2446 1234 2530 ltvrnern,
1265 2472 1362 2535 penas
1386 2447 1503 2515 debitas
1528 2472 1593 2514 non

331 2536 474 2618 evadant,
498 2561 574 2625 quas
590 2536 627 2603 ad
652 2536 800 2603 iudiciuin
817 2537 929 2623 prioris
946 2538 1108 2624 impositas
1125 2535 1291 2623 diligenter
1308 2536 1464 2604 observari
1482 2536 1594 2604 faciant

331 2623 540 2692 confessores
572 2624 657 2692 Nulli
674 2647 751 2712 ergo
768 2625 955 2691 vicariorum
973 2637 1025 2691 aut
1042 2636 1221 2691 ceterorum
1246 2625 1335 2691 liceat
1352 2625 1432 2692 banc
1448 2627 1593 2712 paginam

330 2713 369 2780 de
386 2736 544 2780 consensu
560 2714 699 2800 magistri
717 2711 837 2779 ordinis
850 2712 1026 2779 conlectam
1045 2711 1215 2799 infringere
1227 2713 1274 2779 vel
1292 2715 1320 2779 ei
1337 2737 1412 2779 ausu
1426 2715 1594 2780 temerario

330 2802 497 2868 contraire.
543 2802 662 2868 Datum
687 2802 717 2866 in
742 2800 902 2867 Lewental
929 2854 935 2865 .
961 2854 967 2865 .
994 2853 1000 2866 .

341 2910 422 2918 m
436 2910 673 2992 {liniendi
694 2940 808 2992 siun-n.
884 2940 948 2990 rso
969 2940 1019 2992 ns.

435 3059 490 3114 Fol.
513 3031 635 3112 16¹6.Mln
655 3060 812 3112 Lowenthal
833 3060 1003 3124 (Wtirttemb.
1016 3055 1146 3111 'oberant
1167 3059 1315 3127 'l'ettnang)
1336 3076 1391 3110 war
1410 3060 1451 3111 ein
1472 3059 1593 3110 Domini-

330 3147 601 3200 lanerinnenlrloster.

936 3281 1000 3350 tau.

443 3389 688 3476 (lrderrrgenerul
705 3387 842 3478 (Manio)
864 3389 1003 3475 getudlut
1027 3389 1082 3454 deu
1109 3388 1294 3454 Sclrcuestern
1318 3390 1348 3452 in
1372 3389 1428 3452 den
1452 3389 1593 3453 Domini·

330 3476 645 3542 karterinuenkldsteru
670 3479 700 3541 iu
719 3476 909 3564 Strusshnrg,
934 3476 1046 3540 welche
1062 3476 1124 3540 ilua
1141 3475 1205 3540 ihre
1230 3475 1378 3540 veirtlicbe
1395 3476 1456 3540 Nu!
1471 3475 1594 3562 gellagt

331 3564 462 3642 butten,
479 3565 574 3650 rittiga
597 3564 862 3648 Erlaiclrternrrgen
894 3563 1049 3646 liegiiglicb
1077 3563 1130 3626 der
1153 3529 1293 3626 Beiclrteu
1321 3564 1385 3626 rerul
1410 3563 1460 3626 des
1483 3562 1593 3626 Messe·

331 3651 445 3714 latreus.
492 3650 655 3735 Hagenau.
703 3646 803 3736 (1289
827 3648 922 3738 Mai.)

436 3753 588 3838 Magister
611 3752 740 3819 ordinis.
787 3751 947 3819 Omnibus
973 3751 1133 3818 sororibus
1159 3754 1238 3818 circa
1261 3753 1485 3838 Argentinam‚
1518 3774 1595 3838 quo·

331 3837 431 3905 inodo
460 3863 494 3906 se
523 3839 655 3905 habeant
687 3851 832 3926 ternpore
860 3838 1056 3905 turbationis.
1104 3839 1188 3918 Quia
1218 3862 1312 3926 spero
1336 3863 1387 3904 me
1418 3838 1496 3903 illius
1521 3841 1595 3904 cari·

330 3927 400 3992 tatis
426 3949 493 3992 esse
517 3941 718 4008 consortem,
742 3950 802 4014 que
827 3929 858 3991 in
883 3925 1029 3992 cordibus
1054 3925 1163 3992 diffusa
1188 3925 1327 3992 lidelium
1352 3949 1423 3991 curn
1448 3925 1594 3992 flentibus

330 4013 406 4079 flere
423 4013 516 4080 docet
533 4027 563 4081 et
579 4013 785 4100 gaudentibus
803 4014 1013 4100 congaudere,
1030 4015 1098 4079 sine
1114 4017 1201 4099 gravi
1218 4013 1328 4080 dolore
1345 4011 1451 4078 audire
1468 4035 1592 4100 nequeo

331 4123 389 4166 nec
413 4103 545 4182 sentire,
575 4100 660 4188 quod
684 4103 819 4188 peccatis
844 4100 1040 4187 exigentibus
1072 4102 1115 4166 sic
1140 4100 1323 4187 calumpniis
1347 4101 1514 4165 hominurn
1539 4098 1594 4164 ob·

330 4188 457 4252 raimini
481 4189 549 4254 sine
573 4211 678 4268 causa,
710 4187 796 4275 quod
819 4187 876 4253 snb
906 4187 1124 4274 tranquillitate
1154 4186 1256 4253 debita
1280 4210 1345 4252 non
1376 4187 1593 4272 permittimini

330 4287 404 4340 vota
427 4272 574 4355 reddere,
605 4298 666 4362 que
689 4275 823 4361 propriis
851 4274 936 4340 labiis
961 4275 1152 4340 distinxistis.
1200 4273 1261 4340 Sed
1286 4275 1309 4338 si
1341 4275 1454 4359 apertis
1478 4274 1594 4339 neentis

331 4361 429 4428 oculis
453 4363 588 4448 possetis
613 4385 804 4449 agnoscere,
835 4386 928 4450 quarn
952 4361 1154 4428 vernantibus
1177 4362 1313 4446 gemmis
1342 4383 1462 4426 corone
1490 4379 1593 4426 vestre

329 4449 511 4516 tollerancie
528 4448 688 4530 dorantur,
712 4449 811 4538 qualia
828 4451 957 4515 monilia
974 4451 1083 4516 vestris
1100 4447 1269 4534 alligantur
1286 4447 1475 4536 pectoribus,
1499 4470 1592 4536 quam

330 4537 472 4623 preciosa
489 4535 636 4604 dextralia
661 4561 771 4602 trutinas
796 4536 928 4602 lorcitnn
947 4536 1088 4601 ambiunt
1111 4536 1290 4616 mulierum,
1316 4589 1321 4600 .
1348 4588 1355 4600 .
1381 4588 1387 4600 .
1413 4534 1510 4600 corde
1527 4557 1594 4601 ver-

329 4625 476 4688 saremini
509 4623 619 4690 letiore
649 4636 778 4710 propter
811 4647 899 4704 euna,
933 4625 1020 4688 cuius
1049 4622 1136 4687 labor
1171 4621 1262 4688 nobis
1292 4641 1416 4687 scutum
1449 4621 1593 4700 efficitur,

330 4711 417 4776 carius
450 4709 542 4776 dolor
574 4709 723 4776 omnibus
756 4733 812 4797 per
846 4713 927 4777 viam
961 4707 1192 4775 transeuntibus
1223 4707 1473 4788 demonstratur,
1507 4709 1593 4773 cuius

331 4797 435 4864 bonor
451 4797 489 4863 ad
509 4810 646 4864 mortem
664 4797 841 4863 obedientis
858 4797 1018 4864 celestium
1037 4809 1068 4862 et
1084 4797 1277 4862 terrestrium
1295 4795 1434 4862 flexione
1450 4817 1592 4880 genuum

330 4884 513 4950 cumulatur.
565 4885 665 4948 Porro
703 4886 732 4949 in
766 4905 936 4949 vestrarum
974 4883 1209 4949 tribulationum
1241 4883 1354 4948 aculeis
1386 4883 1447 4946 boc
1483 4881 1593 4968 pungit
