3822 5592
206 673 209 681 Ι
351 608 413 674 124
931 603 1025 658 Brief.
1349 620 1352 627 ·
1489 605 1511 673 J.
1534 606 1606 671 1289.

347 758 418 825 illuc
445 758 636 846 sollempnes
665 759 799 826 nuncios
831 781 890 844 pto
923 759 1066 844 negociis
1100 759 1261 845 provincie
1292 759 1425 824 iterato.
1471 759 1606 845 Reput0‚

272 885 275 892 .
347 845 433 932 quod
462 846 523 911 iam
554 846 654 932 possit
681 847 813 930 negotio
844 845 1024 926 subvenite,
1074 847 1123 910 uia
1150 856 1287 911 terrente
1311 845 1384 910 Deo
1415 843 1608 911 adversarios

346 931 403 998 sibi
426 931 586 1018 postulant
609 931 754 999 dextras¹
777 931 852 1000 dari.
899 933 1017 998 Datum
1041 868 1253 998 dolumbarie.

454 1146 461 1176 ¹
481 1138 647 1192 Wiederholt
666 1139 716 1192 HS.

424 1312 426 1318 Ι
451 1329 507 1382 Fol.
530 1344 586 1396 154.
624 1329 664 1383 Fr.
689 1329 767 1382 Cuuo
792 1331 825 1382 ist
849 1329 880 1383 C.
906 1347 959 1382 von
979 1312 1119 1399 Ygesdorr
1140 1309 1192 1400 vgl.
1219 1331 1265 1383 Nr.
1290 1313 1331 1400 98.
1373 1331 1424 1383 Die
1447 1330 1608 1384 Adressaten

345 1415 457 1470 sandten
476 1434 509 1469 au
529 1417 664 1475 Hermann
683 1433 736 1469 von
756 1417 843 1469 einem
862 1416 1021 1486 Depositum
1042 1431 1076 1468 20
1094 1416 1180 1480 Mark3
1201 1415 1253 1485 vgl.
1273 1415 1318 1469 Nr.
1341 1430 1398 1481 104.

880 1703 882 1708 ,
948 1638 1015 1707 rut.

452 1778 629 1862 Provirrrial
652 1775 841 1866 (Hermann)
867 1777 962 1844 belobt
986 1778 1074 1844 Prior·
1097 1778 1161 1842 und
1178 1779 1287 1843 Lektor
1309 1801 1366 1844 von
1391 1779 1483 1844 Busel
1505 1803 1608 1866 turgeu

347 1866 429 1931 ihrer
443 1863 681 1951 Mildthdtiglreit
702 1887 796 1951 gegerr
819 1865 866 1930 die
881 1864 1022 1952 Zofirrger
1038 1864 1269 1945 Domirtr'kaner,
1293 1865 1357 1931 tcilt
1380 1869 1444 1946 mit,
1468 1870 1526 1931 wie
1548 1868 1610 1932 viel

347 1976 379 2018 er
402 1953 508 2018 bereits
530 1951 730 2038 ausgegelrert,
760 1951 825 2017 und
850 1951 1023 2017 riberserrrlet
1051 1952 1138 2023 ilmen
1167 1955 1230 2018 eine
1256 1953 1341 2018 Gale
1369 1975 1425 2018 atis
1450 1953 1607 2040 Freiburg.

347 2038 473 2129 (1289)

451 2145 550 2209 Priori
576 2157 606 2210 et
636 2144 746 2209 lectori
770 2143 988 2209 Basiliensibus
1018 2143 1226 2230 provincialis.
1263 2145 1312 2210 De
1336 2147 1467 2230 negotio
1493 2145 1608 2211 Zouin-

345 2233 445 2316 gensi.
492 2230 592 2296 Multe
616 2231 800 2296 humanitati
823 2253 859 2296 ac
882 2231 1065 2316 benignitati
1090 2243 1208 2311 vestre,
1232 2255 1341 2318 quam,
1372 2245 1405 2298 ut
1428 2231 1608 2320 frequenter

345 2317 459 2399 audivi,
476 2317 657 2406 impenditis
674 2331 705 2384 et
720 2317 995 2406 superimpenditis
1011 2319 1143 2404 negotio
1153 2319 1345 2406 Zouingensi
1361 2320 1475 2406 gratias
1492 2318 1606 2400 refero,

346 2419 476 2495 quantas
504 2429 650 2494 possum,
675 2405 870 2487 desiderans,
894 2419 1047 2494 quatenus
1071 2429 1150 2493 opus
1175 2409 1310 2474 lcaritatis
1335 2409 1366 2473 in
1390 2406 1479 2474 vobis
1504 2431 1607 2495 perse-

346 2497 485 2562 verantia
508 2518 581 2560 com
606 2494 666 2560 leat
687 2507 717 2560 et
741 2507 883 2561 coronet.
920 2495 1027 2561 Nemo
1051 2496 1167 2581 poterit
1184 2494 1298 2575 dicere,
1323 2495 1409 2583 quod
1432 2495 1608 2562 afratribus

345 2581 516 2649 fraternum
545 2518 727 2668 sultagium
756 2581 946 2670 requirendo
976 2581 1165 2668 alligaverim
1191 2605 1302 2663 onera,
1334 2606 1395 2670 que
1419 2607 1477 2650 nec
1508 2583 1607 2669 digito

344 2671 458 2737 vellem
481 2682 626 2756 tangere,
655 2691 748 2756 super
771 2669 921 2736 humeros
945 2669 1087 2735 aliorum.
1135 2670 1218 2736 Nam
1242 2669 1328 2758 quod
1352 2669 1459 2752 habui,
1493 2671 1554 2736 lroc
1578 2683 1608 2736 et

345 2757 414 2838 feci,
437 2769 559 2824 tantum
584 2755 623 2824 de
647 2759 777 2843 pecunia
799 2757 948 2824 ordinans
972 2770 1003 2823 et
1025 2757 1165 2824 tribuens
1189 2757 1331 2824 fratribus
1348 2758 1608 2843 Zouingensibus,

345 2843 431 2930 quod
455 2845 521 2908 eius
544 2866 679 2922 summa,
702 2866 794 2929 quam
820 2846 1030 2928 conscriptam
1055 2843 1171 2922 lrabe0,
1200 2863 1308 2928 posset
1332 2857 1455 2909 mentes
1479 2845 1606 2909 audieu-

345 2931 429 2994 cium
453 2939 574 2994 vertere
598 2931 630 2994 in
653 2921 827 3014 stuporem.
874 2929 961 3007 Quid
994 2930 1086 3014 igitur
1110 2951 1200 3014 again
1225 2929 1302 2994 alter
1324 2929 1396 3008 lob,
1427 2931 1605 2994 cuius'iatn

346 3017 551 3101 suspicientes
575 3016 725 3080 attenuati
748 3027 823 3080 sunt
846 3015 929 3079 oculi
953 3017 984 3079 in
1002 3015 1147 3080 excelso?
1183 3015 1214 3080 Si
1239 3015 1415 3080 clamavero
1439 3037 1496 3101 pto
1514 3014 1607 3080 desti·

346 3104 419 3168 tutis
435 3100 519 3167 filiis:
543 3101 749 3182 Miseremini,
773 3102 977 3180 miseremini,
1002 3101 1111 3167 saltem
1128 3124 1186 3168 vos
1203 3103 1294 3167 amici
1311 3104 1462 3188 ipsorum,
1488 3103 1607 3168 miseri·

346 3189 453 3256 cordia
476 3191 564 3276 quasi
581 3188 679 3254 nubes
698 3190 827 3256 transiet
844 3190 1004 3256 matutina.
1044 3189 1075 3254 Si
1091 3189 1129 3256 ad
1150 3209 1315 3255 extraneos
1339 3213 1391 3255 rne
1407 3201 1607 3269 convertero

346 3300 460 3344 vocem
484 3299 552 3342 non
575 3275 701 3344 audient
732 3279 927 3344 incantantis.
974 3275 1037 3343 Sed
1067 3279 1228 3365 quianon
1257 3289 1303 3343 est
1328 3277 1415 3343 Deus
1442 3289 1551 3344 noster
1575 3291 1608 3344 ut

347 3366 433 3432 Deus
458 3387 587 3446 eorum,
616 3366 722 3453 quiin
752 3364 926 3432 diversorio
950 3365 999 3431 vel
1029 3366 1060 3430 in
1089 3367 1137 3431 via
1167 3389 1238 3431 cum
1268 3365 1366 3432 altero
1395 3365 1547 3454 loquitur,
1576 3367 1607 3430 in

346 3455 424 3519 tanti
453 3451 522 3518 freti
551 3451 691 3518 fremitu:
723 3453 860 3538 Exurge,
892 3475 986 3540 quare
1009 3451 1189 3534 obdormis,
1220 3451 1371 3519 domine?
1401 3453 1607 3520 clamitemus.

347 3541 379 3605 Si
403 3539 484 3604 ordo
508 3551 617 3605 noster
641 3551 726 3606 extra
749 3542 907 3606 civitatem
931 3564 1003 3605 cum
1027 3539 1188 3626 Stephano
1218 3543 1337 3626 impetu
1362 3543 1472 3606 eicitur
1496 3540 1609 3607 ludeo-

346 3649 431 3705 rum,
463 3627 516 3712 qui
544 3627 637 3690 etiam
669 3625 836 3692 solutionis
864 3628 1035 3691 terminum
1068 3640 1294 3712 prevenerunt,
1319 3626 1421 3692 videat
1451 3628 1607 3694 ultionum

349 3712 497 3778 dominus
530 3730 560 3776 et
591 3714 725 3799 requirat
753 3712 803 3778 vel
830 3714 945 3798 pietate
972 3712 1064 3777 solita
1092 3712 1149 3778 illis
1180 3736 1246 3778 non
1276 3726 1388 3779 statuat
1416 3714 1477 3780 ltoc
1502 3737 1609 3801 pecca·

347 3819 414 3864 tum
441 3851 447 3864 .
473 3851 479 3863 .
506 3851 512 3864 .
541 3798 631 3863 Prior
655 3817 685 3864 et
714 3799 813 3864 lector
837 3798 1058 3884 Vriburgensis
1087 3799 1209 3866 occulte
1233 3799 1272 3865 de
1299 3799 1437 3887 quodam
1462 3799 1608 3886 deposito

348 3886 411 3951 XX
429 3907 548 3950 marcas
565 3897 763 3973 acceperunt,
787 3909 848 3973 que
863 3885 954 3952 vobis
970 3909 1026 3971 per
1042 3886 1173 3974 latorem
1192 3889 1384 3973 presentium
1401 3889 1607 3973 assignantur.

347 3974 385 4039 Et
401 3975 471 4060 quia
496 3973 557 4038 hoc
581 3995 696 4059 magna
712 3995 749 4038 ex
773 3985 858 4059 parte
883 3995 940 4060 pro
961 3995 1070 4038 amore
1095 3997 1169 4038 meo
1193 3973 1344 4054 fecerunt,
1368 3986 1482 4059 rogant
1499 3985 1529 4040 et
1546 3996 1608 4060 ego

347 4082 439 4146 rogo,
463 4071 615 4146 quatenus
631 4061 714 4126 viam
731 4061 896 4126 inveniatis
913 4083 983 4125 cum
1001 4061 1117 4126 vicario
1135 4074 1166 4126 et
1188 4060 1330 4126 fratribus
1347 4059 1607 4146 Zouingensibus,

347 4145 477 4236 qualiter
493 4159 525 4212 et
540 4146 667 4234 quando
684 4147 757 4233 ipsis
774 4148 924 4233 premissa
948 4149 1078 4234 pecunia
1095 4147 1293 4234 rependatur,
1318 4171 1358 4213 ne
1375 4149 1474 4214 maius
1491 4149 1608 4214 oriatur

346 4233 527 4300 scandalum
558 4245 588 4300 et
620 4235 758 4300 trahatur
786 4235 864 4314 hoc,
884 4257 941 4322 'ne
975 4233 1079 4300 ordini
1112 4234 1256 4315 credant,
1289 4259 1305 4300 a
1338 4235 1544 4300 creditoribus
1576 4236 1607 4302 iu

347 4320 537 4406 exemplum.
601 4320 846 4407 Quamcumque
884 4322 1011 4406 insuper
1045 4323 1127 4387 viam
1165 4323 1347 4388 inveneritis
1383 4321 1608 4401 mendicando,

348 4419 492 4473 mutuum
519 4406 616 4490 louge
639 4407 688 4472 vel
712 4429 811 4494 prope
834 4406 1029 4493 accipiend0,
1055 4408 1104 4473 vel
1127 4431 1221 4494 super
1244 4431 1304 4495 que
1327 4411 1462 4473 mutuari
1486 4409 1609 4494 possint

347 4497 376 4582 pi
402 4517 481 4560 nora
505 4493 706 4579 postulando,
730 4506 830 4559 ratum
848 4505 878 4558 et
901 4513 1025 4578 gratum
1049 4494 1161 4573 habeo,
1185 4496 1280 4560 etiam
1304 4497 1329 4559 si
1353 4517 1461 4560 usuras
1482 4506 1609 4582 oportet

347 4517 470 4647 solvere
494 4593 723 4667 competentes.
772 4581 807 4646 Et
837 4604 878 4645 ne
908 4581 938 4645 in
968 4581 1106 4667 dampno
1135 4582 1201 4647 sitis
1225 4605 1282 4648 vos
1307 4581 1426 4662 etalii,
1458 4605 1508 4647 ma
1533 4583 1609 4661 istri,

348 4667 546 4756 provincialis
570 4679 601 4733 et
625 4666 832 4733 diffinitorum
856 4690 891 4732 ac
914 4667 1046 4733 aliorum
1067 4669 1173 4734 Deum
1197 4669 1382 4734 timencium
1406 4605 1609 4756 providencia

348 4775 379 4822 et
402 4757 501 4908 pietas
525 4776 620 4855 opem
644 4773 737 4855 atque
761 4775 890 4842 operam
915 4753 1110 4821 ministrabit.
1147 4753 1269 4822 Reddat
1292 4753 1441 4821 dominus
1465 4755 1609 4822 manibus

415 4865 422 4908 t

347 4866 401 4908 mu
425 4865 514 4908 erum
555 4841 821 4920 misericordium,
865 4863 926 4928 que
963 4841 1177 4913 subvenerunt
1218 4841 1361 4907 fratribus
1400 4861 1432 4907 ut
1472 4864 1609 4921 sorores,
