3828 5590
295 576 317 647 J.
341 591 483 646 1272—77.
881 577 977 633 Briele.
1523 565 1562 650 83

296 733 390 798 fratri.
422 734 455 799 Si
471 745 588 814 autem,
605 745 772 822 antequam
790 733 984 816 licencietur,
1008 746 1247 822 apostataverat,
1264 759 1332 802 non
1347 735 1501 818 scribitur,
1518 755 1565 803 set

296 820 425 905 proprio
442 820 574 885 nomine
591 831 622 886 et
637 821 812 906 agnomine
824 839 956 887 vocatur
973 873 980 887 .
999 873 1006 887 .
1025 873 1032 886 .
1057 822 1117 887 Per
1132 832 1295 908 presentes
1312 823 1432 888 cunctis
1449 821 1564 908 delego

296 903 467 991 prioribus,
498 915 730 1007 quatenusper
757 929 792 974 se
815 905 866 973 vel
888 930 944 994 per
967 906 1045 973 alios
1073 919 1184 974 contra
1206 931 1265 974 vos
1293 905 1467 996 procedere
1498 932 1565 975 non

297 991 461 1073 omittant,
494 1015 520 1058 sr
547 991 683 1060 formam
706 1016 775 1059 non
797 995 995 1061 servaveritis
1019 995 1242 1081 suprascripta,
1273 995 1306 1060 in
1333 995 1477 1082 ipsorum
1504 1007 1566 1062 ter-

298 1077 391 1144 minis
409 1078 582 1166 evagando.
628 1079 700 1146 Dat.
725 1091 785 1146 etc.
831 1081 928 1147 Nota.
972 1079 1153 1168 Aliquando
1175 1103 1244 1146 non
1268 1078 1357 1147 datur
1379 1081 1504 1148 licentia
1527 1079 1566 1148 ad

297 1163 425 1232 ordin'es
449 1167 490 1233 ita
519 1165 619 1253 large,
647 1167 728 1234 sicut
751 1188 844 1254 supra
872 1168 1013 1255 positum
1037 1178 1140 1234 estet
1170 1191 1208 1234 ex
1230 1166 1395 1256 privilegio
1424 1166 1564 1250 habetur,

297 1263 345 1320 set
367 1254 572 1320 nominantur
595 1251 659 1320 duo
683 1251 734 1321 vel
756 1277 849 1337 unns,
872 1253 1020 1322 videlicet
1043 1255 1271 1344 Cystersiensis
1295 1267 1326 1322 et
1342 1255 1563 1323 Cartusiensis.

295 1338 476 1429 Aliquando
506 1342 532 1407 si
558 1340 616 1408 fuit
642 1340 759 1424 lector,
792 1343 845 1431 qui
876 1341 1075 1425 licenciatur,
1107 1342 1309 1432 prohibetur,
1341 1367 1383 1410 ne
1413 1367 1565 1433 umquam

297 1427 389 1516 legat,
412 1428 478 1496 aliis
493 1428 551 1496 alie
568 1427 681 1496 dantur
697 1428 914 1498 condiciones.
948 1429 1090 1512 Quidam
1108 1430 1203 1498 etiam
1218 1431 1411 1519 provintiam
1426 1430 1565 1519 abjurare

297 1534 469 1604 coguntur,
500 1515 699 1607 quorundam
728 1517 911 1586 licenciacio
935 1541 1043 1586 coram
1071 1517 1202 1586 testibus
1225 1517 1261 1586 fit
1289 1536 1320 1586 et
1342 1518 1444 1588 littere
1472 1542 1566 1609 super

297 1603 359 1670 hoc
392 1603 620 1687 conficiuntur,
652 1606 678 1671 si
712 1604 795 1672 forte
827 1607 975 1687 timetur,
1011 1604 1098 1694 quod
1130 1606 1231 1694 aliqu-a
1263 1605 1303 1672 de
1339 1605 1403 1673 hoc
1434 1609 1564 1674 vexacio

297 1703 448 1758 nascatur.

400 1866 456 1920 Fol.
480 1879 561 1932 114v.

907 2040 957 2109 52.

401 2161 583 2248 Ratrchhige
614 2159 679 2245 (des
708 2161 901 2248 Provinqials
934 2161 1054 2251 Ulrich)
1082 2165 1143 2250 sr'ir
1176 2165 1223 2226 rin
1250 2164 1408 2228 viriliores
1435 2161 1564 2228 Kloster.

297 2244 511 2337 (1272-77.)

401 2370 581 2437 Karissimis
604 2372 637 2437 in
662 2370 791 2438 Christo
815 2371 914 2458 priori
938 2383 968 2438 et
991 2369 1146 2438 iratribus.
1192 2371 1281 2438 Licet
1306 2393 1414 2437 coram
1439 2369 1565 2460 (vobis)

297 2458 419 2545 positus
448 2481 507 2526 vos
538 2482 837 2526 commonescetenr
867 2457 907 2526 de
936 2457 1121 2548 quibusdam
1146 2457 1186 2526 ad
1214 2458 1414 2526 honestatem
1446 2456 1565 2526 ordinis

298 2545 541 2632 pertinentibus,
576 2546 687 2615 eadem
721 2559 829 2615 tamen
863 2559 1006 2636 repetere
1038 2549 1119 2614 sicut
1151 2546 1230 2614 mihi
1262 2570 1330 2614 non
1358 2547 1491 2700 pigrum
1523 2547 1565 2613 ita

299 2644 422 2720 gratum
438 2645 542 2702 vestre
566 2634 728 2723 diligentie
752 2659 821 2702 esse
844 2633 947 2703 debet.
986 2637 1128 2702 Primum
1152 2637 1247 2723 igitur
1270 2646 1355 2702 atten
1379 2645 1433 2702 ant
1455 2633 1564 2701 fratres

300 2731 332 2787 et
354 2733 484 2788 caveant
507 2721 688 2810 diligenter,
719 2747 760 2789 ne
788 2722 918 2790 claustra
941 2735 1111 2874 graventur
1134 2723 1277 2810 ipsorum
1307 2720 1484 2809 sumptibus
1513 2733 1565 2788 aut

298 2809 448 2890 vecturis,
479 2832 520 2874 ne
543 2831 653 2895 parum
678 2832 782 2875 serere
811 2811 939 2896 spiritua
952 2811 1017 2874 ium
1042 2820 1074 2876 et
1102 2808 1234 2895 amplius
1257 2820 1378 2874 metere
1406 2819 1565 2894 tempora-

298 2892 374 2958 lium
390 2894 576 2960 iudicentur.
616 2895 728 2962 Vitent
743 2919 871 2983 quoque
895 2894 1102 2982 begginarum
1119 2893 1341 2962 conventicula
1363 2904 1395 2960 et
1411 2893 1462 2974 ibi,
1486 2893 1565 2959 ultra

298 2977 383 3067 quod
408 2979 563 3062 decuerit,
592 3005 660 3048 non
684 3000 851 3048 morentur
874 3005 933 3048 nec
956 2983 1020 3048 sint
1047 2981 1158 3049 talibus
1181 2980 1335 3047 honerosi
1357 2979 1565 3132 pauperculis,

298 3065 408 3154 quibus
430 3065 519 3134 labor
542 3091 695 3135 manuum
718 3081 766 3136 est
788 3091 847 3156 pro
870 3092 976 3135 censu.
1016 3067 1070 3134 Illa
1093 3091 1231 3156 quoque,
1255 3091 1316 3156 que
1339 3091 1398 3155 pro
1433 3065 1565 3135 ratribus

297 3165 370 3220 sunt
403 3153 548 3236 collecta,
585 3178 643 3242 pro
678 3157 805 3243 privatis
840 3154 1021 3222 commodis
1056 3157 1231 3223 temrinarii
1269 3179 1337 3221 non
1376 3153 1565 3243 expendant,

297 3259 344 3307 set
374 3253 573 3309 reserventur
598 3262 628 3310 et
658 3253 914 3331 represententur
939 3245 1127 3325 conventui,
1156 3253 1191 3310 ut
1217 3243 1250 3308 in
1272 3243 1417 3310 vestiaria
1445 3253 1477 3310 et
1499 3240 1566 3308 aliis

298 3331 509 3396 communitas
534 3354 603 3396 esse
630 3333 740 3417 possit.
776 3331 904 3396 Domos
930 3331 1038 3411 etiam,
1068 3355 1129 3418 que
1153 3329 1299 3397 dicuntur
1322 3328 1467 3410 fratrum,
1499 3330 1565 3396 sive

296 3415 492 3502 receptacula
526 3417 721 3500 eorundem,
762 3419 792 3483 in
829 3415 941 3505 quibus
974 3437 1160 3499 vescuntur,
1198 3429 1251 3483 aut
1290 3415 1453 3483 dormiunt
1487 3427 1566 3482 tam-

298 3524 391 3590 quam
415 3502 556 3590 hospites
579 3503 776 3592 principales,
810 3522 1035 3570 removeantur
1059 3505 1194 3570 omnino
1218 3505 1302 3590 juxta
1330 3503 1564 3570 ordinationem

298 3589 495 3675 provincialis
520 3591 659 3678 capituli,
689 3615 749 3679 que
773 3591 867 3658 debet
894 3591 1018 3678 publice
1046 3593 1178 3658 recitari.
1225 3591 1263 3658 Et
1289 3614 1371 3678 pena
1394 3589 1436 3656 ibi
1463 3591 1567 3678 posita

298 3678 473 3764 constringi
496 3701 552 3744 eos
567 3677 654 3760 volo,
678 3679 731 3766 qui
746 3691 871 3745 utentes
887 3678 992 3765 palli0,
1015 3689 1164 3779 tanquam
1181 3701 1248 3744 non
1272 3679 1335 3744 sint
1356 3679 1510 3764 ipsorum,
1533 3679 1566 3742 in

297 3762 479 3830 huiusmodi
506 3763 614 3831 edibus
638 3777 880 3832 commorantur
909 3790 982 3831 cum
1011 3764 1153 3847 femmis,
1184 3766 1327 3832 viventes
1358 3765 1391 3830 in
1421 3765 1566 3851 expensis

296 3852 441 3938 propriis,
464 3851 514 3919 vel
538 3876 614 3940 quas
638 3851 791 3940 colligunt
815 3850 1041 3942 undecunque3
1066 3876 1140 3918 nam
1157 3851 1196 3919 de
1220 3875 1254 3918 re
1277 3853 1383 3940 potius
1407 3875 1502 3940 quam
1526 3849 1565 3917 de

296 3937 429 4004 nomine
460 3963 566 4005 curam
595 3963 684 4027 gero.
731 3939 782 4006 Ad
811 3940 870 4006 hec
893 3943 965 4028 quia
994 3941 1162 4006 cautiones
1189 3940 1397 4027 pignoraticie
1421 3937 1567 4006 videntur

296 4023 430 4092 fraterne
459 4025 533 4092 fidei
558 4025 733 4094 admodum
760 4025 930 4115 derogare,
953 4026 1109 4115 prohibeo
1133 4027 1345 4116 presentibus,
1369 4050 1410 4093 ne
1433 4025 1527 4093 frater
1550 4049 1567 4091 a

296 4111 389 4179 fratre
412 4115 527 4200 pignus
551 4115 679 4201 recipiat
701 4113 752 4181 vel
774 4126 881 4181 teneat
905 4114 945 4182 de
969 4126 1141 4182 conventu.
1176 4113 1271 4180 Unde
1295 4116 1348 4202 qui
1371 4112 1467 4180 libros
1491 4136 1567 4179 con-

298 4217 409 4264 ventus
432 4212 484 4266 aut
507 4199 638 4267 fratrum
662 4200 719 4268 sub
743 4201 806 4268 hoc
831 4201 923 4269 titulo
947 4201 1127 4289 possident,
1156 4200 1235 4267 infra
1258 4224 1404 4268 mensem
1434 4198 1566 4266 reddere

298 4283 472 4370 teneantur,
497 4299 529 4355 et
549 4288 659 4355 fratres
676 4289 744 4355 sine
769 4287 951 4356 difficultate
967 4288 1102 4371 solvant,
1127 4287 1213 4377 quod
1237 4307 1350 4356 mutuo
1367 4298 1565 4375 acceperunt.

298 4372 513 4442 Dilectionent
536 4377 631 4463 igitur
653 4387 790 4444 vestram
814 4400 936 4444 moneo
961 4396 992 4443 et
1009 4376 1162 4443 exhortor
1185 4377 1218 4442 in
1242 4374 1388 4457 domino,
1412 4385 1567 4463 quatenus

299 4460 357 4526 hiis
382 4473 412 4528 et
434 4463 516 4544 aliis,
546 4487 607 4552 que
629 4462 720 4530 vobis
743 4463 896 4530 servanda
926 4475 979 4530 aut
1002 4462 1142 4531 cavenda
1169 4464 1343 4552 inscripto
1367 4461 1492 4550 reliqui,
1521 4463 1568 4527 in-

299 4545 433 4614 tendatis
466 4548 546 4617 adeo
581 4550 760 4638 vigilanter,
794 4549 882 4639 quod
912 4550 952 4618 de
986 4549 1171 4618 obediencia
1202 4551 1317 4616 merito
1348 4548 1568 4616 commendari

300 4637 425 4722 possitis
447 4649 477 4703 et
498 4637 610 4705 nullius
634 4640 808 4726 asperitatis
829 4640 986 4705 correctio
1014 4637 1129 4705 alliciat
1148 4637 1334 4725 neglientes.
1370 4636 1482 4703 Valere
1507 4647 1566 4702 etc.
