3822 5592
319 616 340 688 J.
364 629 437 690 1294.
906 615 1000 670 Brieie.
1528 607 1583 687 163

321 792 384 829 vero
403 791 530 846 personas
549 775 624 828 vobis
638 774 744 843 (episc.)
763 773 920 828 obedientes
940 783 966 826 et
985 772 1127 826 claustrum
1147 781 1268 828 nostrum
1288 773 1367 827 armis
1381 782 1407 827 et
1426 773 1586 828 clamoribus

320 862 474 914 infestantes
495 869 520 914 ct
539 869 629 914 contra
650 860 776 931 quasdam
800 859 1010 930 pseudosorores
1030 869 1147 926 nostras,
1172 877 1223 932 que
1243 861 1353 931 vipereo
1372 877 1448 914 more
1467 870 1586 914 matema

320 948 420 1000 viscera
440 946 585 1000 lacerantes
605 956 696 1000 contra
715 947 850 1016 propriam
863 945 1004 1000 ecclesiam
1024 945 1184 1000 secularibus
1204 947 1421 1001 tumultuantibus
1440 949 1586 1014 astiterunt,

321 1042 428 1104 propter
447 1033 518 1104 quod
537 1033 584 1100 ius,
604 1032 674 1104 quod
692 1033 790 1086 babere
810 1041 933 1104 poterant
952 1034 978 1086 in
992 1033 1113 1101 ecclesia,
1133 1033 1311 1104 perdiderunt,
1330 1033 1451 1088 similiter
1470 1034 1586 1106 appella·

321 1137 379 1173 mus
399 1130 426 1173 et
444 1120 581 1191 apostolos
601 1121 714 1192 petimus
728 1163 733 1173 .
748 1163 753 1174 .
769 1162 774 1174 .
788 1110 862 1173 Uber
880 1119 922 1172 die
937 1119 1119 1190 Vertvirstung
1138 1119 1185 1173 des
1198 1120 1320 1174 Klosters
1339 1120 1392 1192 vgl.
1406 1130 1496 1175 unten.
1527 1121 1587 1175 Wie

321 1226 367 1261 aus
387 1209 474 1261 einem
490 1207 642 1262 Trostbries
656 1208 805 1262 Hermanns
826 1225 878 1260 von
898 1207 1006 1262 Minden
1025 1209 1082 1261 siclt
1102 1209 1212 1278 ergiebt,
1232 1216 1341 1262 stammt
1360 1207 1402 1262 die
1415 1207 1585 1281 Appellation

322 1296 541 1350 tvalrrsclreinliclr
566 1313 618 1350 von
644 1297 706 1350 ilrnr.
748 1297 813 1350 Eine
837 1297 1082 1351 citaralrteristisclre
1107 1296 1188 1351 Stelle
1218 1297 1265 1351 des
1289 1297 1390 1352 Brieles
1414 1298 1510 1352 lautet:
1535 1299 1587 1352 Ubi

321 1403 390 1439 nunc
410 1392 449 1438 est
468 1386 592 1439 maiestas
605 1385 755 1457 imperialis,
775 1403 826 1458 qne
839 1402 932 1456 pacem
953 1386 1095 1456 provinciis
1108 1385 1197 1439 vallari
1218 1394 1403 1457 procuraverat
1417 1387 1588 1441 iuramentis?

321 1473 398 1526 Nunc
417 1472 475 1526 loca
495 1489 568 1526 sacra
588 1482 647 1526 sunt
668 1474 759 1543 privati
780 1489 908 1527 carceres.

923 1610 989 1682 155.

426 1718 493 1784 Der
524 1716 769 1805 Ordenrgenernl
798 1732 937 1806 gestattrt
967 1721 1063 1785 cineta
1091 1719 1321 1786 Baccalnnrens
1348 1719 1402 1786 der
1430 1721 1588 1786 deutschen

322 1806 453 1894 Prouinr
475 1809 507 1872 irt
530 1807 620 1872 Paris
642 1806 705 1872 siclt
728 1808 812 1872 einen
839 1806 941 1874 Socinr
964 1831 1003 1894 (a
1025 1806 1157 1874 wrilrlen.
1205 1804 1283 1895 (Um
1310 1805 1420 1899 1294.)

426 1911 577 1999 Magister
600 1912 719 1979 ordinis
743 1912 919 1980 bachelario
944 1912 1120 1979 Parisiensi.
1167 1912 1287 1980 Prelata
1314 1913 1452 1981 scientiis
1476 1915 1588 1980 ceteris

322 2001 565 2067 necimmerito
595 1999 758 2088 theologie
789 1999 940 2067 facultatis
965 1999 1123 2083 doctrina,
1154 2025 1215 2089 que
1239 2025 1272 2068 se
1297 1999 1468 2068 docentem
1499 2012 1588 2069 tanto

321 2089 421 2174 magis
445 2089 542 2155 totius
565 2088 680 2154 favoris
704 2089 902 2175 graciositate
927 2088 1184 2177 prosequendum
1202 2089 1343 2175 insignit,
1367 2107 1486 2177 quanto
1506 2089 1589 2155 circa

322 2186 449 2241 cunctas
474 2176 687 2242 ministrantes
711 2175 927 2264 subiectasque
950 2175 1008 2242 sibi
1031 2177 1176 2242 scientias
1200 2177 1304 2262 ipsum
1328 2199 1409 2264 opus
1432 2174 1471 2242 ad
1495 2175 1589 2242 eluci-

322 2261 458 2328 dandam
482 2265 704 2350 scripturarum
726 2265 890 2330 veritatem
913 2265 1060 2353 viamque
1084 2263 1190 2330 salutis
1215 2262 1393 2331 docendam
1417 2263 1588 2330 studiosius

323 2349 501 2432 tlesutlare‚¹
525 2376 577 2417 me
601 2352 730 2418 rationis
753 2348 936 2418 huiusmodi
952 2350 1081 2420 ductum
1103 2351 1358 2419 consideratione
1381 2351 1524 2420 sollerter
1547 2351 1586 2418 ad

325 2462 375 2521 ea,
405 2463 466 2528 qne
490 2439 584 2506 vestri
608 2438 701 2506 studii
725 2451 874 2528 poterunt
902 2440 1039 2507 relevare
1063 2439 1219 2523 laborem,
1247 2441 1359 2508 vestris
1383 2464 1422 2507 ue
1445 2439 1589 2507 consola-

324 2526 463 2593 tionibus
479 2525 588 2594 adesse
612 2526 743 2594 libenter
759 2527 852 2595 allicit
875 2541 906 2595 et
922 2552 980 2595 coa
1003 2540 1056 2596 tat.
1096 2529 1178 2596 Sane
1195 2552 1267 2594 cum
1291 2551 1347 2616 per
1361 2464 1467 2594 lelicis
1484 2551 1589 2594 recor·

325 2612 460 2680 dationis
483 2613 724 2702 predecessores
748 2639 839 2682 meos
862 2639 959 2703 penes
982 2551 1158 2683 lionestatis
1174 2617 1405 2703 congruitatem
1432 2615 1589 2703 magistris

326 2704 357 2768 in
380 2701 542 2789 theologia
558 2726 684 2790 semper·
708 2702 862 2770 indultum
879 2702 981 2786 fuerit,
1007 2717 1041 2771 ut
1063 2703 1120 2770 sibi
1143 2705 1250 2770 socios
1267 2703 1430 2854 eligerent,
1454 2704 1506 2792 qui
1523 2722 1588 2769 tam

326 2791 355 2854 in
371 2791 435 2854 suis
451 2789 555 2870 scolis,
579 2813 671 2876 quam
691 2791 721 2854 in
738 2791 973 2856 necessitatibus
990 2790 1055 2855 aliis
1073 2789 1192 2856 eisdem
1210 2792 1312 2876 specia
1325 2793 1383 2856 iter
1399 2791 1589 2869 assisterent,

325 2887 418 2960 prout
447 2875 573 2940 humilis
604 2875 746 2942 decentia
774 2895 882 2942 nostre
914 2878 1027 2963 patitur
1051 2877 1255 2963 paupertatis,
1287 2875 1377 2942 vobis
1405 2877 1589 2943 auctoritate

325 2959 398 3027 rluxi
415 2962 609 3048 presentium
627 2960 880 3044 concedendum,
919 2975 1062 3045 uatenns,
1082 2981 1154 3050 post
1177 2986 1251 3028 uam
1267 2986 1325 3029 vos
1341 2962 1497 3029 licenciati
1514 2986 1590 3030 con·

324 3049 428 3134 tigerit
447 3049 477 3114 in
494 3048 713 3136 tlr(e)ologica
728 3049 884 3131 facultate,
897 2987 1027 3117 lratrem
1045 3073 1145 3116 unum
1156 2987 1201 3116 de
1218 3051 1381 3137 provincia
1394 3049 1590 3132 Tlretrtonie,

324 3133 363 3201 de
387 3160 451 3224 quo
475 3135 658 3203 discretioni
674 3147 777 3204 vestre
801 3139 902 3225 magis
919 3137 1084 3218 videbitur,
1109 3137 1147 3204 ad
1163 3161 1222 3204 vos
1246 3161 1317 3204 mea
1340 3139 1468 3225 possitis
1485 3157 1594 3204 aucto·

324 3224 413 3290 ritate
437 3247 565 3306 vocare,
591 3248 686 3312 quem
709 3225 868 3312 poteritis
897 3227 921 3291 si
946 3224 1036 3291 vobis
1060 3225 1225 3313 placuerit,
1248 3247 1307 3313 pro
1332 3226 1422 3292 socio
1445 3226 1592 3292 retinere.

325 3310 374 3377 nd
399 3312 554 3378 maiorem
578 3323 683 3379 antem
707 3313 803 3400 ipsius
820 3313 1075 3380 consolationem
1101 3333 1133 3380 et
1155 3324 1292 3381 vestram
1317 3312 1391 3381 volo
1417 3324 1448 3380 et
1469 3337 1593 3380 exnunc

326 3399 456 3483 ordino,
485 3399 582 3489 quod,
606 3401 755 3490 quamdiu
779 3401 944 3469 vobiscum
969 3404 1104 3469 Parisius
1128 3401 1234 3485 luerit,
1259 3404 1298 3469 sit
1322 3403 1487 3469 Parisiensi
1517 3426 1593 3470 con·

326 3490 433 3555 ventui
464 3487 638 3577 deputatus.
685 3491 723 3556 Et
751 3492 822 3579 quia
845 3489 920 3558 volo
949 3514 1007 3557 vos
1036 3491 1149 3559 maiori
1173 3490 1314 3558 libertate
1344 3489 1481 3578 gaudere
1506 3509 1537 3558 et
1561 3492 1592 3557 in

326 3575 431 3644 vestro
455 3579 609 3665 principio
634 3577 724 3645 vobis
747 3578 822 3645 volo
846 3581 979 3666 gratiam
1003 3578 1103 3646 lacere
1128 3578 1312 3666 specialem,
1342 3579 1470 3646 fratrem
1494 3577 1592 3659 illum,

326 3689 420 3752 quem
444 3664 636 3733 advocabitis
661 3685 691 3733 et
715 3670 880 3734 assumetis
904 3669 935 3734 in
959 3669 1100 3750 socium,
1125 3691 1162 3733 ex
1191 3691 1276 3734 nunc
1300 3666 1439 3734 decerno
1469 3665 1511 3732 illi
1541 3665 1594 3733 de-

326 3755 475 3820 cennario
493 3778 639 3836 numere,
663 3779 757 3843 quem
783 3778 837 3842 per
854 3780 905 3822 me
923 3755 1147 3843 ponendorum
1164 3757 1317 3838 Parisios„
1334 3779 1500 3844 quousque
1516 3753 1593 3822 mihi

325 3839 511 3922 videbitur,²
542 3855 671 3930 propter
695 3841 928 3910 alleviationem
956 3861 1132 3910 conventus
1157 3843 1333 3911 voluntarie
1357 3844 1465 3923 statui,
1499 3841 1595 3910 nulla-

325 3939 417 3995 tenus
441 3928 609 3995 subiacere.
658 3930 779 3996 Valere.

434 4077 440 4105 ¹
460 4069 497 4121 So
517 4069 567 4122 Hs.
642 4069 749 4139 ²Folgt
768 4070 838 4124 noclr
858 4070 955 4123 eimnal
975 4071 1048 4124 milri.

431 4190 487 4244 Fol.
510 4203 593 4262 192v.
623 4163 676 4245 bb
695 4191 741 4245 das
761 4191 840 4244 Stuclr
860 4191 948 4244 lriilret·
968 4211 998 4245 zu
1018 4201 1108 4245 setzen
1131 4191 1184 4245 und
1203 4209 1235 4245 an
1255 4191 1375 4245 Dietrich
1394 4207 1449 4259 von
1467 4190 1595 4260 Freiburg

328 4276 378 4330 den
398 4279 518 4347 einzigen
538 4277 684 4363 deutschen
705 4279 860 4346 Provinzial,
881 4279 927 4332 der
946 4297 994 4333 ror
1015 4295 1082 4348 1300
1102 4280 1229 4350 Magister
1248 4279 1349 4345 wurde,
1368 4297 1399 4332 au
1419 4277 1522 4332 denlren
1542 4279 1594 4331 ist?

929 4417 993 4490 lbli.

434 4523 594 4590 Hermann
610 4547 668 4590 uon
685 4524 822 4606 Miratur,
842 4524 1065 4592 Stellvrrtreter·
1080 4525 1130 4591 des
1147 4525 1349 4612 Provinrials,
1373 4523 1596 4614 veritatatem

330 4611 450 4678 Brnder
473 4612 592 4694 Jolratnr
614 4635 672 4678 aron
698 4613 827 4678 Itirlrnar·
850 4613 905 4678 den
928 4611 1057 4678 Vrrl'aln·
1080 4615 1135 4679 ruit
1156 4615 1253 4679 sertin·
1271 4612 1390 4678 Natat.
1429 4613 1594 4698 Hagennrr.

331 4696 431 4786 (1294
457 4700 536 4766 Nov-
562 4699 607 4788 a)

436 4805 505 4891 Ego
534 4803 628 4870 lrater
651 4803 891 4894 ller(mamrus)
917 4804 955 4871 de
980 4804 1089 4872 blinda
1114 4804 1234 4872 ordinis
1258 4803 1496 4871 Predicatorum
1522 4826 1599 4869 con·

331 4910 442 4958 ventus
460 4892 711 4978 Argentinensis‚
735 4893 819 4958 vices
836 4917 950 4977 gerens
972 4891 1135 4960 reverendi
1153 4894 1246 4980 patris
1263 4894 1376 4980 prioris
1398 4889 1598 4978 provincialis

1444 5013 1480 5057 n*¹
