3822 5592
302 583 324 652 J.
348 583 421 653 1289.
887 581 962 636 Bries
976 624 982 637 .
1507 587 1566 652 137

301 742 399 805 sciner
417 739 566 805 Sclnrlden
581 743 631 826 st.
650 739 756 804 biber!
773 740 820 804 die
833 761 952 826 gatiani
971 740 1153 828 lginlrrinstm
1166 741 1330 828 sernerbin
1346 741 1419 807 alnr
1430 743 1567 828 jiiltrliclr

304 846 321 908 5
349 826 454 913 Psund
469 828 530 913 fair
552 826 671 890 Brtcbcr
694 826 758 890 rtrtd
780 826 913 891 Kleider.
961 827 1081 892 Andere
1103 828 1157 892 der
1180 827 1406 914 Regcnsbnrgcr
1429 829 1566 894 Kortvent

303 913 410 978 hieran
427 925 529 992 etwas,
553 935 584 977 50
604 911 678 998 gelae
697 915 760 977 sein
777 912 868 980 Recbt
891 915 954 1000 auf
964 914 1019 978 den
1036 914 1229 979 Landsbnter
1251 913 1343 994 eben
1363 938 1417 981 ver
1439 916 1490 981 ebt
1504 917 1567 980 siclt

303 999 381 1064 ‹nr-cb
404 999 513 1078 dieser,
536 1022 567 1064 so
590 998 732 1064 erlrielten
756 1000 803 1064 die
825 1000 996 1066 weltlicben
1024 1001 1224 1066 Verwandten
1249 999 1372 1068 Eltbem
1422 1005 1448 1068 ie
1472 1004 1567 1068 Krtt'ie

302 1087 423 1151 tvr'cder.
470 1085 642 1173 Arrgsbrng.
691 1084 817 1176 (1289.)

340 1231 464 1350 ΡοΙ.
488 1233 571 1350 1-267.

905 1400 964 1472 ut.

408 1507 585 1592 Pronintial
608 1504 799 1596 (Hermann)
822 1507 950 1572 schreibt
974 1530 1015 1572 an
1039 1508 1095 1573 den
1119 1509 1208 1574 Prior·
1230 1531 1288 1574 von
1305 1508 1450 1595 Arrgrlnrr
1493 1509 1566 1575 tiber·

302 1594 483 1681 Abstellung
505 1617 563 1660 von
586 1593 817 1682 Mifsbrciuchcn
842 1597 872 1659 in
897 1595 953 1658 den
977 1595 1037 1660 ibin
1067 1595 1284 1682 rrrrrergeltenen
1305 1533 1564 1662 Frautnltiiistern.

304 1682 489 1747 Litwentbnl.
537 1679 663 1772 (1289.)

406 1787 507 1852 Priori
538 1787 732 1872 Augustensi
769 1785 818 1850 vel
854 1787 919 1850 eius
955 1788 1038 1852 vices
1077 1786 1258 1872 gerentibus
1291 1787 1491 1872 provincialis
1526 1787 1565 1853 de

300 1895 447 1938 sororum
482 1873 691 1938 correctione.
746 1873 831 1952 Quia
860 1875 1078 1959 experimento
1110 1873 1219 1954 didici,
1250 1873 1336 1961 quod
1366 1875 1397 1938 in
1427 1873 1566 1940 claustris

300 1983 447 2026 sororum
464 1958 555 2026 vobis
571 1961 812 2026 commissarum
838 1961 896 2026 iste
913 1961 1044 2027 inolevit
1067 1960 1190 2042 abusus,
1214 1959 1300 2048 quod
1325 1961 1438 2027 relictis
1455 1985 1565 2028 mona·

299 2048 400 2113 steriis
424 2047 524 2135 alique
549 2047 752 2134 egrediuntur
780 2059 811 2114 et
834 2060 985 2134 vagantur
1016 2048 1152 2115 conficta
1175 2050 1344 2114 occasione
1373 2051 1566 2116 necessitatis

301 2135 349 2200 vel
378 2135 516 2201 utilitatis
548 2137 730 2223 cuiusquam
765 2134 847 2200 nulla
880 2135 1005 2201 licentia
1036 2135 1138 2202 habita
1169 2137 1358 2222 accipientes
1393 2138 1494 2208 socias
1528 2137 1565 2202 ad

300 2221 446 2307 placitum
481 2241 512 2288 et
545 2225 626 2289 iuter
662 2221 815 2289 seculares
849 2222 887 2288 ad
926 2222 1046 2289 libitum
1082 2241 1335 2305 commorantes,
1372 2246 1494 2289 rursum
1534 2226 1565 2289 in

299 2309 533 2397 receptionibus
578 2309 728 2376 nellarum
753 2309 802 2377 vel
826 2310 1022 2397 temporibus
1045 2310 1110 2377 aliis
1134 2333 1271 2398 persone
1288 2309 1410 2377 diverse
1435 2299 1565 2378 claustra

302 2397 519 2484 ingrediuntur
542 2333 658 2464 ibidem
684 2399 897 2479 dormientes,
921 2398 1177 2480 commedenteS,
1202 2398 1342 2487 regulare
1365 2401 1565 2486 propositum

301 2485 527 2568 dissolventes,
560 2487 670 2574 quibus
708 2486 796 2553 malis
832 2486 1009 2553 remedium
1040 2489 1168 2575 cupiens
1199 2485 1346 2554 adbibere
1377 2511 1470 2553 saer
1502 2487 1564 2554 hoc

303 2576 497 2641 ammonitus
521 2599 538 2640 a
561 2574 729 2642 venerabili
780 2587 844 2640 atre
869 2577 1021 2660 magistro
1046 2575 1166 2641 ordinis
1196 2575 1258 2641 lroc
1281 2574 1357 2642 volo
1387 2511 1566 2662 diligentius

302 2661 475 2743 observari,
507 2661 652 2729 videlicet
680 2598 781 2750 quod),
837 2686 1002 2750 uecunque
1032 2686 1124 2730 soror
1154 2685 1279 2749 egressa
1308 2661 1414 2744 fuerit,
1446 2663 1505 2728 nisi
1534 2664 1565 2729 in

302 2748 437 2829 casibus,
468 2751 520 2837 qui
550 2752 581 2814 in
613 2751 831 2815 constitutioni
855 2774 890 2814 us
919 2773 1024 2816 earum
1055 2749 1208 2815 habentur
1237 2773 1397 2836 expresse,
1425 2751 1501 2816 sciat
1532 2775 1565 2815 sc

300 2836 498 2900 anathemate
516 2838 651 2900 vinctam
677 2859 745 2900 esse
769 2847 799 2900 et
824 2860 888 2900 uon
914 2836 1047 2900 multum
1072 2859 1089 2900 a
1106 2837 1237 2900 crimine
1262 2838 1416 2921 apostasie
1441 2834 1564 2916 distare,

301 2922 360 2985 nisi
383 2944 476 3007 super
500 2922 562 2987 hoc
586 2922 767 2987 ostenderet
784 2945 872 2986 veras
889 2920 961 2986 dicti
988 2923 1127 3008 magistri
1152 2922 1268 2988 litteras
1285 2921 1335 2987 vel
1355 2922 1564 3008 provincialis,

299 3007 385 3095 quod
410 3020 515 3074 tamen
541 3033 593 3074 me
617 3008 690 3074 nulli
716 3010 847 3074 memini
865 3011 1068 3075 concessisse.
1108 3010 1229 3090 Nostis,
1254 3028 1369 3097 quanta
1392 3009 1564 3096 percellun-

299 3115 349 3161 tur
371 3097 543 3162 acrimonia
567 3095 686 3177 frattes,
711 3097 762 3184 qui
779 3095 816 3162 ad
842 3110 1037 3163 memoratos
1061 3099 1246 3184 magistrum
1264 3109 1315 3164 aut
1339 3097 1562 3184 provincialem

300 3183 540 3269 proficiscuntur
568 3185 714 3272 priorum·
733 3208 863 3250 suorum
895 3184 1017 3251 licentia
1041 3209 1108 3251 nou
1138 3184 1282 3266 obtenta,
1334 3209 1449 3251 uorum
1473 3209 1563 3272 pena,

299 3273 323 3337 si
348 3273 407 3354 eis,
431 3271 469 3339 ad
493 3297 574 3362 quos
598 3274 733 3353 iverant,
764 3272 931 3353 desertur,¹
954 3286 1075 3354 tamen,
1099 3275 1124 3339 si
1149 3297 1220 3340 cum
1249 3209 1438 3340 sectllaribus
1462 3297 1564 3339 mora·

300 3370 416 3441 rentur,
441 3361 542 3428 nullus
566 3361 749 3448 ambigeret,
774 3363 848 3449 quin
874 3373 907 3427 ut
930 3373 1072 3448 apostate
1097 3363 1296 3449 punirentur;
1322 3373 1439 3462 quanto
1464 3363 1563 3448 magis

299 3445 339 3514 de
362 3447 523 3515 sororibus
548 3449 610 3515 hoc
625 3447 831 3516 senciendum
850 3468 907 3530 est,
932 3473 992 3536 que
1016 3449 1092 3516 tales
1108 3451 1172 3516 vias
1197 3473 1263 3515 non
1283 3447 1410 3531 faciunt,
1434 3461 1469 3515 ut
1487 3472 1563 3515 suos

299 3536 471 3621 spirituales
502 3549 604 3623 patres
633 3549 780 3626 querant,
813 3557 860 3603 set
884 3535 1043 3603 divertunt
1067 3535 1105 3602 ad
1129 3538 1248 3602 amicos
1278 3560 1368 3617 suos,
1400 3536 1451 3602 ubi
1479 3539 1563 3603 iuxta

299 3623 499 3708 proverbium
524 3625 672 3711 sapientis
694 3625 797 3710 picem
821 3636 987 3712 tangentes
1008 3625 1076 3711 pice
1101 3625 1175 3690 haut
1197 3623 1327 3689 dubium
1351 3625 1562 3712 inquinantur.

298 3709 349 3776 Sic
372 3711 433 3775 iam
459 3735 524 3776 non
556 3712 660 3778 solum
684 3712 850 3777 anatliema
880 3713 1056 3792 incurrunt,
1088 3713 1176 3777 utin
1206 3711 1327 3777 rubrica
1350 3711 1389 3777 de
1419 3713 1562 3798 ingressu

298 3809 329 3863 et
353 3821 481 3864 e¹ressu
506 3797 678 3866 domorum
702 3797 823 3880 dicitur,
848 3808 895 3866 set
919 3801 1194 3866 excommunicate
1218 3811 1306 3881 sunt,
1330 3800 1419 3865 utin
1443 3799 1563 3866 rubrica

297 3884 354 3950 alia
370 3823 409 3950 de
433 3889 581 3972 apostatis
605 3886 662 3953 sub
685 3885 787 3952 forma
811 3888 872 3952 iant
889 3887 949 3952 late
973 3889 1129 3954 sententie
1146 3888 1335 3953 continetur.
1373 3889 1472 3954 Porro
1490 3912 1561 3954 cum

297 3971 456 4055 redierint,
481 3997 547 4040 non
590 3975 788 4041 ermittantur
805 3974 970 4040 claustrum
997 3974 1194 4062 ingrediare
1218 3994 1348 4062 propter
1364 3998 1470 4040 earum
1494 3999 1563 4063 pre-

297 4062 430 4126 sentiam
448 4058 553 4128 divine
568 3997 667 4128 laudis
684 4085 802 4150 organa
819 4061 1060 4149 suspendantur,
1085 4061 1188 4129 donec
1206 4063 1304 4128 misso
1321 4061 1360 4126 ad
1377 4065 1562 4148 magistrum

299 4147 471 4232 predictum
490 4161 541 4214 aut
566 4151 790 4235 provincialem
810 4151 928 4214 rmncio
952 4173 1007 4214 seu
1032 4148 1070 4214 ad
1086 4151 1218 4214 vicarios
1240 4148 1415 4214 eorundem
1440 4149 1562 4216 absolu-

297 4235 393 4300 tionis
422 4233 609 4301 beneficium
641 4237 778 4301 iniuncta
807 4247 870 4301 tarn
902 4236 1122 4322 principalibus
1152 4259 1245 4324 quam
1277 4234 1445 4302 comitibus
1476 4239 1562 4323 peni-

298 4323 394 4386 tentia
411 4325 562 4409 consequi
580 4334 610 4388 et
630 4324 749 4388 restitui
766 4334 957 4403 mereantur,
981 4322 1092 4410 quibus
1108 4334 1214 4389 tamen
1231 4323 1293 4388 hoc
1310 4324 1368 4388 erit
1391 4321 1562 4404 residuum,

299 4407 384 4496 quod
407 4431 595 4494 perannum
621 4409 658 4474 ab
676 4432 715 4474 eo
740 4421 895 4496 tempore,
920 4434 983 4496 quo
1009 4421 1218 4490 revertuntur,
1243 4432 1358 4474 vocem
1378 4410 1409 4474 in
1427 4409 1561 4496 capitulo

299 4518 366 4560 non
390 4495 538 4578 habeant,
564 4499 622 4561 nisi
646 4499 677 4562 in
702 4520 756 4561 sua
780 4495 1038 4582 proclamatione.
1085 4497 1161 4562 Non
1187 4497 1361 4561 intererunt
1384 4496 1562 4562 tractatibus

298 4581 347 4648 vel
371 4582 508 4648 consiliis
539 4607 686 4648 sororum
713 4582 791 4648 infra
822 4581 904 4650 idem
936 4595 1061 4683 tempus
1085 4607 1144 4648 nec
1175 4581 1214 4648 ad
1238 4584 1392 4669 prioratus
1421 4582 1562 4649 officium

298 4681 447 4756 poterunt
470 4672 663 4756 promoveri.
704 4672 752 4736 De
770 4672 901 4738 introitu
927 4671 1093 4736 hommum
1110 4693 1296 4750 ammone0,
1320 4669 1405 4757 quod
1422 4682 1564 4736 servetur

299 4759 493 4823 constitutio
539 4759 669 4823 Dicant:
702 4758 792 4823 Pater
822 4772 852 4824 et
876 4771 991 4838 mater,
1020 4758 1130 4823 nescio
1153 4781 1227 4836 v03,
1257 4757 1416 4822 caritatem
1441 4759 1502 4823 Dei
1533 4771 1564 4823 et

298 4843 417 4910 ordinis
446 4845 493 4909 sui
526 4846 684 4911 honorem
709 4846 830 4910 cunctis
857 4846 1043 4911 transitoriis
1068 4843 1248 4911 commodis
1279 4842 1481 4931 preferentes.
1528 4846 1562 4909 In
