3828 5590
324 585 346 655 J.
371 583 442 648 raon.
909 582 1003 637 Briel.
1546 571 1586 655 63

324 744 542 827 paternitatem
572 753 707 806 vestram
734 743 763 804 in
796 739 930 806 domino
955 742 1051 828 ipsius
1080 743 1193 807 intuitu
1221 743 1354 824 arnoris,
1385 744 1437 830 qui
1470 742 1587 808 nullum

325 827 445 927 repellit
472 828 559 914 sequi
590 825 768 905 volentem,
799 837 834 892 ut
857 826 1033 912 dignemini
1063 850 1168 892 meam
1193 829 1384 914 peticionem
1412 827 1589 908 admittere,

325 912 568 980 misericorditer
592 911 738 978 exaudire
762 936 815 978 me
845 936 917 978 cum
941 912 1104 980 sororibus
1128 915 1248 980 vocatis
1272 933 1303 980 et
1326 913 1479 981 vocandis
1503 933 1589 1002 post·

325 999 457 1066 modum
482 1000 539 1066 sub
557 998 677 1066 ordinis
701 1022 808 1066 curam
834 1011 864 1065 et
881 1002 1116 1087 protectionem
1140 1000 1267 1088 plenam
1291 1002 1489 1088 recipientes,
1513 1025 1589 1068 con-

326 1088 475 1155 cedentes
498 1086 589 1154 nobis
612 1109 740 1153 sorores
765 1085 885 1153 ordinis
909 1085 1019 1154 doctas
1044 1099 1075 1154 et
1098 1086 1247 1154 discretas
1272 1141 1279 1154 .
1305 1141 1312 1154 .
1338 1142 1345 1154 .

432 1287 439 1316 ¹
459 1279 495 1332 So
514 1279 564 1332 HS.

429 1471 484 1524 Fol.
505 1486 545 1542 29,
564 1471 610 1524 Nr.
635 1471 673 1538 38.
711 1471 762 1522 Die
775 1470 872 1523 Scbrilt
892 1471 924 1524 ist
944 1472 1012 1524 starlr
1033 1471 1157 1525 verblasst
1177 1471 1229 1524 und
1248 1472 1354 1525 schwer
1373 1472 1467 1526 lesbar.
1495 1471 1589 1544 Agnes

324 1576 380 1610 war
403 1557 445 1610 die
470 1557 589 1610 Tochter
611 1557 689 1610 Erich
714 1556 916 1628 Plogpennings
943 1560 1116 1626 (1241—50).
1162 1558 1239 1612 Auch
1263 1559 1319 1611 iltre
1342 1560 1495 1613 Scluvester
1519 1561 1589 1629 Jutta

324 1643 450 1698 widrnete
470 1645 526 1698 siclt
545 1645 605 1697 dem
625 1643 769 1714 religiosen
789 1644 887 1696 Leben.
1157 1639 1161 1649 “

930 1819 981 1888 20.

428 1943 512 2008 Zwei
534 1941 693 2008 Sclrreiben
717 1944 795 2007 eines
819 1941 1011 2027 Provinrials
1035 1964 1075 2007 au
1099 1944 1200 2030 Kdnig
1220 1941 1349 2009 Ottokar
1371 1966 1430 2009 von
1445 1943 1589 2024 Bdhnren,

323 2053 374 2094 unt
395 2032 475 2094 scine
498 2029 742 2116 Missstinmnrng
764 2052 858 2115 gagen
882 2029 929 2094 die
945 2027 1168 2095 Dominilrnner
1191 2030 1245 2095 der
1268 2029 1425 2095 detrtschen
1447 2031 1589 2115 Provinz,

322 2117 369 2180 dte
390 2139 420 2181 ιι.
438 2137 467 2180 a.
484 2116 709 2202 Belaidigendes
732 2115 805 2180 iiber
828 2115 880 2180 ibn
904 2137 945 2180 nn
968 2116 1015 2180 die
1032 2116 1127 2180 Krrrie
1148 2116 1338 2203 gerthrieben
1361 2117 1457 2182 baben
1472 2115 1589 2195 solltrn,

322 2227 360 2284 zu
384 2201 549 2288 bereitigen.
597 2200 675 2289 (Ur-n
702 2205 764 2268 126
766 2201 900 2291 5—70.)

432 2329 457 2372 r.
482 2306 692 2372 Serenissimo
718 2307 784 2392 regi
808 2307 1004 2373 Boemorum
1030 2325 1089 2372 etc.
1115 2359 1121 2372 .
1148 2359 1155 2372 .
1181 2358 1187 2372 .
1223 2305 1414 2373 Cottidianis
1442 2329 1497 2372 sue
1521 2328 1590 2393 pra-

323 2395 425 2460 vitatis
449 2392 594 2460 nondum
619 2392 753 2460 lativatis
782 2395 941 2460 exerciciis
970 2394 1002 2459 in
1031 2392 1062 2460 id
1092 2395 1240 2481 percipue
1271 2396 1412 2461 noscitur
1436 2391 1589 2482 (nitrulicb

324 2482 442 2570 antiqui
472 2481 573 2548 hostis
608 2447 740 2569 inviilia)
770 2483 920 2568 aspirare,
953 2480 1040 2569 quod
1072 2481 1239 2569 religiosos
1272 2483 1357 2548 viros
1391 2482 1485 2548 armis
1515 2479 1588 2547 fidei

325 2570 569 2656 circumseptos,
602 2593 737 2657 quorum
769 2570 802 2634 in
831 2593 892 2635 con
918 2591 1005 2636 ressn
1038 2593 1097 2636 suo
1126 2587 1230 2657 stupet
1261 2568 1438 2650 audaciam,
1470 2568 1542 2656 plan
1567 2570 1590 2635 it

325 2657 500 2738 victoriam,
516 2658 611 2724 sentit
627 2658 820 2744 potenciam,
859 2593 1045 2744 ualicunque
1058 2656 1204 2724 destituat
1221 2655 1369 2744 presidio,
1386 2680 1451 2745 quo
1467 2592 1590 2743 pusilla-

325 2745 427 2810 nimes
452 2743 575 2826 efficiat,
602 2743 705 2810 videat
729 2681 913 2810 imbecillos.
961 2743 1038 2810 Inde
1083 2766 1117 2809 er
1144 2743 1336 2810 mediatores
1359 2767 1435 2810 suos
1464 2741 1588 2810 efficere

325 2832 441 2910 nititur,
466 2828 552 2918 quod
569 2841 679 2896 contra
695 2830 862 2916 religiosos
878 2853 1031 2917 pauperes
1060 2841 1165 2896 erveat
1180 2853 1389 2916 personarum
1406 2829 1587 2895 sublimium

324 2919 518 2996 cornmoci0,
542 2918 767 2983 innocencium
792 2916 845 2982 fiat
868 2915 1016 2998 addictio,
1062 2916 1246 3003 rejudiciurn
1270 2918 1301 2982 in
1325 2915 1479 2983 absentes
1514 2916 1589 2996 Que

323 3026 371 3070 res
402 3026 468 3069 non
502 3015 566 3070 tant
597 3005 716 3070 usitatis
745 3002 894 3090 probatur
922 2939 1089 3091 exemplis,
1118 3027 1213 3092 quam
1237 3003 1394 3071 veteribus
1418 3004 1590 3070 innotescit

323 3091 459 3157 historiis
485 3144 491 3156 .
518 3143 524 3156 .
551 3143 557 3156 .
589 3090 677 3171 Quid
701 3090 807 3178 plura?
836 3091 996 3158 Deficeret
1024 3111 1150 3179 tempus
1174 3116 1227 3158 me
1250 3115 1390 3174 narrare,
1414 3102 1462 3158 set
1486 3093 1590 3157 omni-

323 3190 436 3266 potens
453 3179 556 3259 Deus,
580 3181 632 3267 qui
649 3177 687 3244 ad
704 3190 857 3265 punctum
880 3190 910 3246 et
926 3178 1103 3246 immodico
1121 3179 1331 3267 dispensative
1346 3203 1422 3246 suos
1439 3178 1589 3265 probasse

322 3267 405 3333 visus
429 3277 486 3349 est,
510 3267 596 3354 ipsos
620 3268 741 3334 intem
765 3267 890 3334 tacione
907 3269 1043 3334 omnino
1068 3291 1135 3334 non
1153 3266 1300 3350 deseruit,
1324 3279 1373 3336 set
1388 3269 1531 3355 ipsorum
1551 3265 1588 3334 ab

323 3355 496 3422 bumilitate
521 3354 620 3442 capud
637 3379 708 3422 curn
726 3290 826 3441 gloria
842 3355 1029 3423 sublimavit.
1061 3357 1145 3422 Hinc
1162 3375 1218 3437 est,
1243 3355 1340 3444 quod,
1357 3380 1429 3422 cum
1447 3355 1588 3422 audirem

322 3443 354 3508 in
387 3444 591 3508 serenissimo
623 3454 751 3529 pectore
780 3461 887 3509 vestro
922 3455 1032 3509 contra
1056 3443 1165 3509 fratres
1195 3461 1324 3510 nostros
1355 3442 1588 3530 indignacionis

322 3527 450 3596 nebulas
473 3529 660 3616 obrepsisse,
685 3553 751 3595 non
768 3529 899 3616 indigne
916 3532 1024 3596 animo
1041 3542 1261 3597 consternatus
1279 3532 1389 3619 expavi
1412 3554 1447 3596 ac
1463 3531 1586 3617 inpiger

321 3618 433 3703 paratis
457 3615 627 3704 disciplinis
650 3616 841 3704 regularibus
866 3616 970 3684 studui
999 3618 1088 3704 liujus
1112 3619 1156 3684 rei
1180 3636 1326 3684 autorem
1349 3619 1510 3699 invenire,
1539 3629 1588 3684 set

322 3705 535 3792 unusquisque
552 3728 641 3770 suam
657 3716 848 3791 protestatus
868 3707 1090 3771 innocenciam
1110 3704 1149 3771 ad
1166 3706 1382 3772 excusacionis
1398 3704 1587 3771 beneficium

322 3791 511 3857 convolavit.
559 3792 715 3872 Quamvis
739 3803 843 3858 autem
873 3792 1067 3879 probacione
1091 3804 1233 3859 cessante
1261 3792 1401 3880 legitima
1425 3791 1525 3880 (tam)
1550 3791 1588 3858 ad

320 3877 548 3945 absolvendum
559 3902 652 3966 quam
670 3877 708 3945 ad
721 3879 1025 3966 condempnandum
1041 3882 1106 3967 jura
1121 3903 1181 3945 nos
1195 3903 1263 3946 esse
1279 3879 1405 3966 jubeant
1420 3881 1588 3966 primores,

321 3964 504 4033 excellentie
529 3984 635 4032 tamen
652 3978 756 4033 vestre
779 3965 877 4034 multa
894 3991 967 4033 cum
985 3965 1160 4034 humilitate
1184 3968 1214 4032 in
1233 3965 1382 4034 omnibus
1406 3984 1588 4034 reverenter

321 4051 440 4120 deferre
465 4055 594 4142 cupiens
619 4054 851 4121 correctionem
875 4053 1005 4121 fratrum
1029 4078 1193 4136 meorum,
1221 4053 1297 4120 dum
1322 4067 1429 4122 tamen
1453 4053 1492 4120 de
1517 4077 1588 4142 pro-

320 4143 420 4207 vincia
443 4141 627 4207 Theutonie
655 4143 733 4222 sint,
764 4165 836 4207 narn
862 4141 901 4208 ad
930 4142 1007 4207 alios
1037 4165 1103 4208 non
1134 4141 1312 4208 extenditur
1336 4165 1407 4207 mea
1436 4142 1587 4228 provisi0,

322 4226 493 4294 clemencie
524 4246 628 4294 vestre
665 4231 852 4310 committ0‚
889 4241 919 4295 et
953 4231 978 4294 si
1011 4231 1210 4310 inveneritis,
1248 4227 1335 4316 quod
1366 4229 1399 4294 in
1432 4227 1587 4294 offensam

321 4315 489 4402 majestatis
512 4333 633 4395 vestre,
656 4325 752 4401 prout
776 4313 893 4396 dicitis,
917 4314 956 4381 ad
980 4317 1097 4381 curiam
1123 4317 1314 4402 scripserint,
1338 4317 1370 4380 in
1394 4316 1491 4402 ipsos,
1521 4337 1587 4380 non

322 4400 408 4488 quod
429 4403 473 4468 ira
496 4402 652 4488 suggerit,
676 4419 723 4467 set
747 4400 834 4502 quod
857 4402 990 4469 bonitati
1014 4413 1118 4469 vestre
1142 4402 1301 4490 placuerit,
1325 4404 1474 4469 statuatis.
1510 4403 1587 4468 Non

323 4489 408 4553 enirn
439 4488 563 4575 expedit
613 4500 764 4575 aupertatr
789 4501 897 4555 nostre
926 4513 987 4556 nos
1015 4488 1147 4556 reddere
1171 4489 1221 4556 vel
1251 4491 1368 4555 sentire
1392 4500 1587 4568 commotoS,

323 4574 379 4640 sub
395 4599 530 4662 quorum
554 4511 691 4641 culmine
708 4599 793 4641 sacra
816 4577 921 4663 quiete
938 4576 1025 4662 degit
1048 4575 1160 4664 religio
1185 4599 1373 4664 aequorum
1391 4575 1588 4661 dignacionis

323 4680 465 4748 respectu
494 4661 790 4750 quasiquibusdam
818 4661 873 4728 alis
902 4663 983 4729 ordo
1008 4682 1117 4729 noster
1144 4663 1325 4745 roboratur,
1358 4663 1535 4749 protegitur
1559 4680 1589 4726 et

323 4747 462 4830 fovetur,
487 4751 586 4836 magis
610 4767 715 4815 autern
739 4761 867 4816 remoto
891 4749 1123 4837 ingratitudinis
1147 4749 1319 4838 opprobrio
1344 4761 1470 4837 accepta
1494 4746 1589 4815 bene-

324 4834 393 4902 ficia
425 4839 649 4924 recognicioue
674 4835 777 4918 debita
800 4839 902 4904 tenaci
926 4839 1083 4904 memorie
1107 4836 1418 4908 commendarenos
1442 4836 1587 4903 deceret
