3822 5592
361 619 420 665 112
459 676 466 690 ‚
944 612 1039 668 unere.
1187 603 1189 608 '
1500 613 1522 682 J.
1546 612 1619 667 1288.
1664 594 1667 600 ’

356 771 599 858 wimpinensis,
622 769 731 838 officio
753 791 813 836 suo
837 768 963 836 functus
987 770 1127 838 noscitur
1151 780 1182 838 et
1205 767 1372 838 defunctus
1379 793 1389 852 3
1417 767 1456 835 ad
1479 779 1617 836 vestrum

356 880 444 941 vero,
473 859 560 946 prior
582 854 981 946 Spirensis‚'tra(n)slatus
1004 854 1071 938 luit,
1099 877 1139 922 ex
1183 877 1226 922 uo
1248 853 1340 924 vobis
1362 855 1411 922 ius
1433 854 1472 921 ali
1495 853 1548 921 uid
1570 878 1620 922 ac·

356 947 492 1014 crevisse
514 946 658 1028 sentitur,
680 943 753 1014 licet
775 943 861 1030 prius
884 942 1008 1026 obierit,
1032 966 1126 1032 quam
1150 878 1257 1024 abiret,
1281 941 1441 1010 decretam
1464 965 1490 1010 sr
1513 943 1523 1008 i
1546 942 1621 1009 obe·

356 1032 507 1100 dientiam
530 1031 727 1119 impleturus,
772 1031 880 1100 roviso
899 1029 987 1118 quod
1009 1031 1041 1100 in
1065 1041 1200 1118 utroque
1217 1047 1378 1100 conventu
1401 1027 1479 1096 fiant
1501 1052 1560 1118 pro
1579 1052 1620 1096 eo

283 1156 295 1181 0
355 1133 517 1208 tamquam
540 1118 634 1186 fratre
649 1054 838 1219 su(l)tiagia
853 1118 921 1184 sine
945 1139 1046 1184 mora.
1084 1116 1207 1185 Fratres
1223 1127 1329 1184 autem
1345 1115 1457 1204 quibus
1474 1127 1620 1184 constare

248 1267 250 1270 .
357 1208 474 1294 poterit
497 1204 537 1272 de
585 1206 741 1288 remissis,
770 1203 923 1274 inducatis
948 1202 1116 1272 efficaciter
1143 1227 1214 1272 mea
1236 1205 1306 1273 vice
1328 1203 1452 1271 veritati
1477 1204 1622 1270 testimo·

379 1294 387 1308 ‘
560 1228 644 1360 bere.
688 1289 789 1372 Quod
816 1292 843 1358 si
867 1289 1052 1358 non-ambo
1076 1289 1136 1360 hiis
1160 1313 1218 1359 exe
1241 1288 1354 1359 uendis
1376 1289 1530 1358 interesse
1573 1310 1623 1358 ot·
1658 1341 1684 1352 ..

1210 1315 1376 1467 &uidquid
1399 1375 1474 1444 inde
1497 1400 1535 1444 or
1558 1379 1623 1444 ina-

356 1316 445 1361 mum
469 1291 559 1381 perhi

358 1381 443 1462 estis,
472 1379 550 1446 alter
572 1391 713 1446 vestrum
742 1377 967 1450 nichilominus
990 1389 1171 1466 exequatur.

356 1468 473 1548 veritis,
497 1466 576 1534 mihi
598 1489 654 1554 per
677 1477 796 1536 vestras
819 1464 937 1534 litteras
960 1465 1122 1533 intimetis.

356 1609 362 1615 ·
375 1600 672 1622 -—‘-···-··-··-·-·r-······v
745 1619 747 1622 ,
814 1613 817 1620 r

463 1673 519 1728 Fol.
541 1683 624 1743 143¹.
655 1675 712 1726 hus
725 1674 813 1726 einem
826 1673 939 1728 aweiten
959 1672 1094 1728 inhaltlich
1108 1672 1231 1743 gleichen
1246 1671 1391 1726 Schrelben
1404 1689 1437 1724 au
1451 1680 1624 1742 ungenannte

357 1759 457 1813 Bn‘rder
475 1760 578 1830 ergiebt
597 1760 654 1813 sich
672 1759 720 1812 der
738 1759 825 1812 Name
844 1759 891 1814 des
912 1759 1033 1814 Lelrtors.

865 1879 1108 1998 “urs

365 2079 366 2084 ¹
462 2056 606 2120 Antwort
637 2055 688 2124 des
719 2053 911 2139 Provinzialr
941 2051 1132 2146 (Hermann)
1166 2055 1228 2142 acts
1254 2054 1302 2123 die
1332 2053 1542 2141 Klageschrist
1572 2053 1649 2120 des-

357 2140 585 2228 Regensburger
607 2141 753 2228 Kopitels.
801 2137 927 2230 (1288.)
1653 2213 1654 2218 ἵ

464 2244 665 2330 Responsum
690 2242 728 2309 ad
757 2242 886 2310 clerum.
933 2244 1153 2334 Conquerenti
1182 2242 1221 2309 de
1248 2231 1623 2333 fratribusprovincialis
1651 2261 1660 2329 J

356 2327 489 2396 salutem
513 2353 587 2396 cum
610 2329 806 2398 orationibus
851 2349 1012 2417 comptam
1036 2327 1075 2396 ad
1097 2328 1291 2418 beneplacita
1314 2328 1534 2397 voluntatem
1561 2329 1622 2396 Rea
1752 2409 1755 2418 Δ

356 2416 425 2504 cepi
449 2416 682 2486 dominacionis
705 2436 809 2488 vestre
829 2352 949 2485 litteras
973 2415 1172 2486 artificialiter
1195 2415 1338 2488 conditas
1361 2428 1393 2485 et
1415 2416 1521 2488 affusa
1535 2415 1623 2483 beni·
1649 2433 1660 2494 ’ζ

355 2505 476 2590 gnitate
506 2504 660 2588 conditas,
693 2506 725 2574 in
755 2504 867 2596 quibus
898 2507 1029 2598 optastis
1059 2517 1172 2575 nostro
1203 2504 1339 2596 capitulo
1369 2527 1488 2573 novam
1517 2499 1656 2579 lucenr's

356 2593 431 2659 oriri
447 2591 561 2662 abolita
580 2593 712 2682 caligine
735 2593 929 2663 simultatum
953 2605 985 2664 et
1000 2595 1105 2661 Aman
1124 2613 1280 2682 suspenso
1295 2593 1362 2662 veri
1378 2594 1460 2664 veris
1476 2591 1629 2660 Habrahe·
1642 2596 1671 2675 '„
1752 2663 1755 2670 ,

355 2678 426 2748 filiis
450 2683 556 2770 augeri
580 2680 763 2772 tripudium,
785 2681 920 2758 leticiam
946 2694 978 2752 et
1000 2681 1171 2757 honorem.
1209 2686 1252 2758 At
1275 2683 1344 2786 quis
1367 2681 1456 2750 locus
1479 2679 1669 2774 tenebra-122
1752 2675 1755 2689 ’

355 2793 438 2851 rum,
461 2769 513 2837 ubi
538 2769 697 2840 oriebatur
720 2770 808 2852 stella
831 2794 869 2838 ex
892 2769 997 2853 Iacob,
1021 2770 1070 2840 sol
1093 2772 1126 2842 in
1149 2770 1307 2838 altissimis
1330 2771 1413 2840 Dei?
1430 2823 1437 2843 ,
1455 2823 1462 2838 .
1481 2822 1488 2837 .
1505 2769 1672 2860 Sermo-'227
1751 2829 1753 2835 .

355 2855 485 2924 tandem
508 2868 614 2928 vester
643 2857 681 2924 ad
709 2858 772 2926 hoc
800 2857 974 2940 descendit,
1003 2869 1076 2928 uta
1099 2856 1243 2926 iratribus
1271 2859 1388 2924 nostris
1415 2855 1631 2934 illatasclero',
1715 2885 1717 2892 κ

355 2942 506 3030 quasdam
530 2945 658 3011 iniurias
673 2943 852 3012 declararet.
891 2945 930 3014 Et
952 2946 1058 3032 primo
1079 2942 1279 3012 consuetudo
1302 2937 1491 3097 allegabatur
1506 2941 1629 3035 deporss*
1647 2957 1677 3028 ’ἒξ
1751 2983 1753 2992 ,

355 3028 441 3096 tandi
464 3029 575 3097 funera
597 3031 636 3098 ad
659 3032 868 3118 parrochiales
887 3032 1044 3098 ecclesias.
1083 3031 1135 3098 Ad
1158 3032 1221 3098 hoc
1241 3053 1358 3118 respon

1383 3052 1437 3098 eo:
1461 3025 1630 3110 Quamvtsl
1751 3053 1755 3066 ·

299 3163 302 3170 ,
337 3116 616 3186 consuetudinisl
644 3117 782 3204 longeve
814 3141 881 3186 non
911 3119 951 3186 sit
982 3117 1079 3188 nichil
1107 3119 1280 3188 autoritatis
1289 3123 1310 3199 ²,
1343 3139 1409 3184 non
1437 3129 1544 3186 tamen
1573 3120 1627 3186 est'
1649 3123 1681 3198 ’ῑ-ξ,
1751 3117 1753 3124 ’

279 3209 281 3220 “
325 3265 335 3277 ,,
355 3203 559 3304 usqueadeo
574 3203 714 3286 valitura,
738 3216 772 3274 ut
788 3204 863 3274 vell¹
879 3206 938 3271 iuri
960 3206 1078 3293 positio
1096 3204 1207 3272 debeat
1229 3203 1436 3292 preiudicium
1456 3225 1619 3290 generare,

356 3291 417 3355 nist
440 3288 533 3358 fuerit
555 3291 746 3358 rationabilis
770 3311 801 3358 et
829 3293 1019 3380 prescripta·
1051 3291 1157 3373 Addo,
1173 3291 1272 3382 'quod
1296 3313 1356 3358 nec
1379 3289 1530 3371 eavalet,
1558 3312 1621 3378 que
1642 3296 1679 3384 f}

255 3449 257 3454 ,
356 3399 424 3442 non
443 3375 580 3444 obtinuit
601 3379 633 3444 in
651 3377 898 3445 contradictorio
922 3379 1050 3462 iudicio,
1074 3390 1123 3448 set
1141 3377 1243 3445 lacere
1266 3379 1412 3445 iniuriam
1434 3377 1620 3463 corporibus
1638 3385 1658 3414 ⁵
1682 3398 1686 3456 j

340 3461 579 3530 ¹defunctorum
608 3477 718 3531 contra
747 3466 794 3530 ius
822 3485 870 3534 est
892 3468 1137 3547 autenticorum,
1165 3487 1227 3552 que
1255 3465 1366 3530 iniuria
1390 3487 1428 3530 ex
1457 3464 1521 3528 hoc
1547 3475 1622 3550 pro·
1660 3520 1663 3526 .
1690 3533 1692 3546 ἱ

356 3549 453 3629 venit,
481 3573 553 3616 cum
577 3549 825 3638 ar(r)estantur,‚
841 3553 929 3638 quasi
956 3551 1156 3638 probandum
1180 3553 1229 3631 sit,
1260 3549 1346 3638 quod
1373 3549 1443 3615 alibi
1468 3548 1686 3634 elegerint

356 3631 559 3720 sepulturam,
589 3635 716 3723 quando
746 3636 839 3704 amici
869 3635 987 3722 fatigati
1018 3636 1350 3724 planctuiterumin
1381 3634 1512 3702 diversis
1542 3632 1623 3708 locis¹
1679 3655 1685 3684 ··
1723 3716 1725 3720 Ι

356 3719 506 3807 plangere
534 3721 777 3808 compelluntur,
806 3722 933 3810 quando
956 3722 1001 3790 de
1030 3720 1231 3790 cadaveribus
1259 3720 1294 3788 lit
1322 3719 1506 3788 mortalibus
1532 3721 1620 3786 triste

267 3866 268 3870 ,
356 3807 580 3960 spectaculum,
609 3808 736 3897 quando
765 3808 804 3876 de
833 3808 885 3876 tali
935 3832 952 3875 e
992 3808 1058 3876 odo
1083 3821 1222 3898 captatur
1251 3809 1388 3890 lucrum,
1416 3830 1484 3874 non
1513 3807 1546 3873 ut
1573 3808 1623 3872 in·

357 3913 476 3982 peatur
499 3895 621 3982 pietatis
638 3895 791 3978 officium,
815 3832 998 3984 quanshiiie
1015 3919 1151 3985 corpore
1173 3897 1273 3963 libero
1296 3895 1412 3962 faciunt
1428 3893 1621 3982 obstagiurn,

356 3993 400 4063 ut,
425 4005 496 4048 cum
520 3983 553 4048 in
577 3983 689 4050 atrium
714 3982 849 4049 alienum
874 3982 1049 4065 deducitur,
1073 3983 1243 4070 dimittant,
1270 3985 1296 4049 si
1319 3982 1429 4070 placet,
1447 3982 1622 4063 retineant,

355 4069 461 4134 sinon
474 4068 589 4156 placet;
606 4069 656 4137 vel
673 4092 711 4137 ex
727 4069 878 4138 industria
892 4092 951 4157 pro
965 4069 1169 4172 cel(er)ando
1187 4069 1329 4136 officium
1345 4068 1504 4136 fastidium
1520 4089 1618 4155 gene·

355 4166 436 4236 rent,
464 4155 491 4222 si
514 4179 574 4240 res,
603 4180 665 4245 que
689 4155 877 4224 dilacionem
907 4180 973 4224 non
1004 4169 1095 4245 capit,
1124 4157 1265 4225 differtur
1288 4159 1320 4224 in
1348 4156 1526 4259 plectoricis
1550 4178 1623 4223 cor·
1720 4215 1722 4220 .

355 4241 484 4328 poribus
501 4255 532 4311 et
555 4246 800 4331 corrupcionem
821 4245 1037 4312 minitantibus
1062 4247 1157 4312 cicius
1180 4243 1382 4312 tumulandis.
1421 4244 1490 4311 Nec
1513 4242 1620 4310 solum

354 4329 414 4395 iuri
436 4332 603 4398 communi
626 4330 811 4418 preiudicat
825 4333 884 4398 iste
908 4331 1024 4399 modus
1053 4345 1101 4400 set
1124 4333 1257 4420 private,
1287 4332 1350 4398 hoc
1373 4343 1420 4398 est
1443 4331 1623 4419 privilegio,

353 4415 441 4504 quod
465 4416 606 4485 decernit
629 4419 820 4505 sepulturam
843 4417 1082 4486 Predicatorum
1109 4418 1249 4486 liberam.
1288 4419 1343 4486 Set
1365 4418 1443 4484 liber
1469 4440 1537 4482 non
1562 4429 1619 4496 est,

354 4503 408 4592 qui
430 4505 505 4570 iuris
528 4505 637 4593 incipit
654 4528 723 4572 esse
745 4506 848 4572 alieni.
888 4505 987 4586 Quod
1012 4505 1052 4573 de
1075 4504 1202 4573 arbitrio
1226 4506 1349 4574 domini
1364 4505 1484 4570 Leonis
1508 4502 1625 4569 dicitur·

355 4601 386 4682 et
416 4589 526 4658 litteris
559 4593 770 4680 provincialis,
802 4611 935 4679 negatur
963 4615 1075 4660 verum
1108 4616 1188 4673 esse,
1221 4605 1253 4660 et
1284 4592 1357 4658 ideo
1384 4589 1536 4678 probetur
1565 4611 1621 4676 per

354 4679 587 4765 inspectionem
620 4681 916 4747 instrumentorum.
973 4679 1073 4758 Quod
1101 4701 1178 4746 vero
1211 4678 1334 4745 additur
1366 4677 1503 4743 formam
1536 4675 1619 4742 illam

310 4813 312 4818 -
354 4763 589 4852 deportacionis
616 4765 764 4834 funerum
792 4765 832 4834 ad
859 4765 1088 4854 parrochialem
1117 4765 1280 4832 ecclesiam
1305 4764 1341 4830 ab
1370 4763 1437 4830 aliis
1465 4762 1624 4848 religiosis.

353 4854 481 4934 servari,
509 4876 576 4920 non
607 4851 733 4935 suflicit,
761 4855 833 4941 quia
862 4874 911 4918 res
942 4854 1023 4918 inter
1051 4853 1128 4919 alios
1152 4863 1219 4918 acta
1246 4852 1311 4917 aliis
1341 4873 1407 4917 non
1438 4848 1624 4936 preiudicat.
