3822 5592
318 625 336 690 1.
359 638 432 696 1294.
901 623 994 678 Briel'e.
1520 610 1579 692 167

315 779 466 846 anundum
484 799 514 845 et
539 780 653 845 l'ttnnnn
671 780 788 846 illesam
814 779 1039 846 conservabitis
1056 780 1190 846 domino
1215 779 1391 846 adiuvante.
1423 781 1580 868 Frequen-

315 867 394 931 ciam
424 864 462 931 ad
487 865 639 931 locutoria
667 888 813 930 sororum
840 865 888 932 vel
917 865 1069 932 fenestras
1098 864 1310 946 declinabitis,
1340 866 1463 932 nisiex
1490 888 1581 932 causa

315 950 489 1020 rationabili
513 962 544 1018 et
567 950 730 1018 manifesta
753 950 824 1018 illuc
848 951 885 1017 ali
910 952 1015 1019 uando
1039 951 1203 1019 accedatis.
1243 953 1313 1019 Nec
1336 951 1487 1019 habebitis
1504 976 1581 1019 con-

314 1041 447 1106 sortium
465 1039 514 1106 vel
531 1037 775 1106 contubernium
792 1063 863 1106 cum
882 975 983 1129 aliqua
998 1039 1198 1121 feminarum,
1215 1041 1275 1106 nisi
1291 1037 1382 1106 vobis
1400 1037 1480 1106 adeo
1498 1051 1580 1106 esset

336 1127 490 1214 ropinqua
507 1137 538 1192 et
562 1137 642 1192 etate
666 1137 796 1208 matura,
821 1126 908 1215 quod
932 1126 1014 1204 nulla
1038 1126 1112 1194 inde
1133 1146 1242 1215 posset
1265 1128 1402 1214 suspicio
1426 1127 1579 1215 generari.

315 1150 458 1282 i‘aurntm
488 1238 553 1280 non
583 1213 757 1281 coloratum
787 1213 991 1304 deportabitis
1019 1227 1051 1282 et
1080 1227 1200 1284 vestem
1231 1215 1364 1282 minime
1393 1216 1579 1303 preciosam.

314 1303 414 1369 Priori
436 1301 566 1370 fratrum
590 1313 773 1370 nostrorum
798 1303 1030 1372 confitebimini
1046 1303 1095 1372 vel
1119 1303 1209 1371 alicui
1232 1301 1369 1371 discreto
1394 1301 1580 1386 consessori,

315 1392 367 1480 qui
383 1391 422 1458 sit
445 1415 593 1458 sororum
610 1415 682 1459 cure
699 1393 730 1458 in
750 1391 1003 1460 confessionibus
1020 1391 1195 1481 deputatus.
1233 1391 1411 1460 claustrum
1428 1391 1478 1460 vel
1494 1403 1581 1480 septa

315 1479 437 1547 claustri
462 1503 527 1546 non
552 1477 773 1568 ingrediemini
798 1482 856 1547 nisi
874 1483 905 1547 in
930 1480 1060 1548 articulo
1078 1481 1282 1562 necessitatis,
1307 1482 1332 1547 si
1348 1479 1457 1548 fratres
1474 1482 1579 1549 vocari

316 1591 382 1633 nou
406 1579 546 1655 possent.
593 1569 675 1635 Nam
708 1579 783 1635 tunc
808 1569 838 1635 in
869 1569 999 1636 ecclesia
1023 1567 1150 1636 indutus
1174 1567 1311 1636 vestibus
1340 1569 1434 1635 sacris
1466 1569 1580 1636 intrare

314 1657 455 1809 poteritis
473 1674 503 1722 et
520 1657 661 1744 corporis
685 1655 815 1723 adversa
830 1655 1000 1724 valitudine
1024 1656 1176 1724 laboranti
1193 1680 1266 1724 curn
1290 1655 1491 1724 absolutione
1511 1680 1581 1745 pre·

336 1767 387 1810 ere
411 1743 618 1810 ecclesiastica
641 1756 846 1811 sacramenta.
893 1746 927 1811 In
954 1745 1045 1811 lruius
1069 1746 1114 1811 rei
1137 1745 1356 1812 testimonium
1383 1756 1442 1811 etc.

418 1918 474 1972 Fol.
491 1934 536 1990 ¹95
552 1918 604 1972 und
619 1934 676 1990 197.
708 1919 743 1972 Es
757 1918 865 1972 ltandelt
878 1919 935 1972 siclt
949 1919 1183 1990 augensclteiuliclr
1198 1936 1242 1971 unt
1256 1919 1334 1971 einen
1348 1918 1580 1989 Weltgeistlichen

313 2006 366 2070 (cui
386 2007 551 2076 competenti
570 2005 749 2076 providebitur
769 2005 801 2058 de
821 2005 969 2076 prebenda)
989 2007 1014 2059 ln
1034 2007 1121 2060 einem
1141 2004 1345 2060 Frauenlrloster
1364 2003 1410 2058 des
1431 2003 1545 2060 Ordens.

916 2212 977 2282 llll.

420 2337 612 2426 (Protu'uqt'ul
645 2339 799 2428 Dietriclr)
834 2338 975 2404 lerirhlet
1007 2338 1074 2404 dent
1113 2338 1389 2426 Grosspiinitentiar
1421 2336 1495 2403 tiber
1527 2338 1582 2403 dat

321 2426 492 2493 Ver-ualuas
521 2427 669 2513 revisebat
694 2425 938 2492 Domittilrnuern
967 2425 1031 2492 und
1053 2424 1298 2512 Frunqisltuuern
1327 2427 1368 2491 im
1393 2425 1498 2516 Elsass
1520 2425 1585 2492 tend

315 2514 469 2582 Itrsonders
492 2513 565 2580 iiber
587 2514 634 2580 dle
658 2514 943 2603 Klostergrtindang
965 2537 1023 2581 von
1050 2513 1251 2581 Sclrlettstadt.
1299 2509 1406 2601 (Nach
1432 2513 1542 2605 1294.)

420 2618 600 2687 Venerabili
617 2619 751 2688 domino
768 2644 803 2688 ac
827 2622 930 2688 amico
949 2639 979 2688 et
1002 2618 1147 2688 benefico
1164 2618 1290 2722 speciali
1306 2617 1389 2686 sedis
1409 2619 1582 2708 apostolice

226 2775 229 2782 ,
315 2731 443 2774 summo
472 2709 693 2795 penitentiario
717 2721 776 2776 etc.
802 2733 874 2775 cum
900 2707 1003 2776 debita
1032 2720 1208 2776 reverentia
1231 2707 1361 2774 aflectus
1386 2719 1418 2774 et
1440 2707 1582 2796 obsequii

316 2795 598 2882 promptitudinem
618 2798 762 2883 purioris.
801 2797 944 2863 Innotuit
961 2796 1036 2863 milti
1060 2795 1100 2862 de
1123 2797 1255 2862 remotis
1278 2793 1416 2882 partibus
1431 2796 1582 2876 venienti,

316 2879 402 2966 quod
418 2881 526 2948 fratres
551 2884 651 2948 nostri
668 2906 740 2948 cum
757 2881 900 2950 fratribus
917 2881 1095 2948 Minoribus
1111 2883 1274 2970 provincie
1291 2880 1413 2947 Alsacie
1430 2880 1582 2948 haberent

315 2967 429 3055 aliquid
448 2967 624 3051 simultatis,
649 2971 736 3059 quasi
753 2969 962 3051 edificassent,
986 2987 1020 3036 ut
1037 2967 1139 3036 dicam
1155 2968 1334 3057 vulgariter,
1359 2969 1440 3036 intra
1456 2991 1581 3049 cannas,

313 3067 471 3142 prestante
495 3055 611 3124 adhoc
634 3059 852 3124 auctoritatem
869 3056 1020 3146 quodam,
1045 3069 1079 3124 ut
1094 3057 1217 3140 dicitur,
1241 3079 1316 3124 meo
1333 3057 1460 3140 vicario,
1485 3080 1580 3145 quem

314 3142 433 3232 reliqui.
470 3145 568 3212 Cuius
592 3144 663 3212 facti
680 3169 752 3212 cum
770 3169 934 3234 quererem
956 3147 1124 3228 rationem,
1148 3168 1338 3232 responsum
1355 3146 1471 3233 accepi,
1495 3143 1581 3234 quod

314 3231 421 3299 fratres
445 3231 575 3320 predicti
608 3245 679 3301 aute
704 3246 815 3301 contra
844 3233 1043 3322 privilegium
1069 3244 1220 3302 uenerant
1248 3234 1280 3300 in
1312 3234 1436 3301 civitate
1459 3234 1581 3321 Argen-

314 3320 428 3387 tinensi
457 3341 487 3388 et
516 3344 557 3410 op
582 3321 635 3389 ido
660 3321 869 3410 friburgensi.
916 3323 1001 3389 Nam
1033 3323 1213 3390 incivitate
1240 3321 1380 3410 predicta
1407 3322 1582 3388 enormiter

314 3428 514 3477 excesserunt
531 3345 712 3477 edificantes
736 3411 900 3477 ecclesiam
917 3411 1004 3498 quasi
1028 3409 1067 3477 ad
1091 3413 1225 3499 parietes
1241 3411 1372 3476 fratrum
1396 3421 1579 3477 nostrorum

314 3519 354 3561 eo
377 3508 539 3583 tempore,
571 3521 644 3564 cum
668 3510 774 3564 essent
797 3498 941 3564 absentes
966 3509 997 3564 et
1021 3496 1060 3564 de
1083 3497 1157 3564 loco
1181 3521 1240 3563 suo
1271 3499 1414 3584 pervim
1439 3498 1470 3564 in
1496 3507 1581 3563 ortu-

314 3605 429 3649 norum
453 3585 567 3650 civium
586 3583 735 3671 elongati.
771 3585 831 3651 Cui
855 3586 1079 3672 proscriptioni
1103 3586 1307 3671 prestiterunt
1323 3606 1447 3650 causam
1473 3520 1581 3650 fratres

313 3668 459 3754 predicti,
491 3671 570 3736 sicut
600 3670 669 3736 orbi
697 3683 728 3736 et
757 3670 823 3736 urbi
853 3682 976 3757 poterat
1004 3689 1118 3737 notum
1152 3693 1230 3736 esse.
1282 3670 1325 3736 Su
1350 3693 1383 3736 er
1413 3693 1478 3758 quo
1508 3682 1581 3736 sunt

313 3753 415 3821 adhuc
449 3767 592 3842 patentes
627 3756 729 3823 littere
764 3758 860 3844 ipsius
896 3755 1058 3823 cardinalis
1096 3810 1102 3822 .
1129 3809 1135 3823 .
1162 3809 1168 3822 .
1202 3693 1398 3823 Venerabilis
1432 3755 1581 3823 dominus

313 3839 344 3906 T
345 3841 529 3926 osculanus;
561 3843 734 3931 apostolice
758 3843 840 3911 sedis
863 3843 984 3932 legatus
1007 3844 1118 3926 voluit,
1142 3867 1183 3910 ne
1207 3843 1317 3911 fratres
1346 3844 1410 3910 rele
1435 3844 1476 3911 ati
1499 3855 1582 3910 atro·

312 3929 389 3994 citer
412 3929 610 4012 viderentur,
644 3929 731 4020 quod
755 3932 786 3997 in
816 3932 927 3998 vicinis
956 3930 1034 3998 locis
1062 3955 1096 3998 se
1125 3932 1302 4019 reciperent
1330 3943 1362 3998 et
1390 3867 1581 4013 edificarent,

311 4015 398 4104 quod
428 4027 535 4084 tamen
564 4019 596 4084 in
620 4030 745 4107 tempus
770 4030 801 4086 et
828 4030 974 4106 tempora
1002 4017 1198 4087 distulerunt.
1245 4018 1459 4086 Postmodum
1487 4041 1582 4107 opor-

311 4105 442 4171 tunitate
466 4103 569 4171 habita
592 4128 648 4193 per
670 4106 900 4208 beneplacitum
917 4130 950 4174 te
975 4105 1029 4172 alis
1052 4107 1165 4194 fastigii
1189 4105 1449 4174 advocationem
1495 4106 1581 4194 opuli

313 4189 351 4256 de
375 4215 533 4258 consensu
554 4192 726 4280 dyocesani
750 4219 783 4260 m
803 4193 907 4261 villam
933 4131 1095 4276 Siezstadt,
1120 4193 1275 4282 oppidum
1297 4193 1443 4262 videlicet
1489 4217 1581 4280 rgen-

312 4279 442 4346 tinensis
459 4278 616 4368 dyocesis,
641 4280 753 4348 oculos
769 4281 960 4364 direxerunt,
977 4293 1156 4370 querentes,
1181 4282 1206 4348 si
1223 4280 1456 4372 quoquomodo
1473 4292 1582 4369 posset

313 4366 380 4432 sine
397 4367 518 4433 offensa
540 4367 670 4435 fratrum
696 4381 947 4437 memoratorum
973 4371 1170 4459 requiescere
1193 4393 1249 4459 pes
1274 4393 1396 4438 eorum.
1437 4371 1581 4436 Circum-

313 4466 481 4540 spexerunt
504 4455 643 4544 undique
667 4469 698 4524 et
722 4481 788 4524 non
812 4457 978 4546 apparebat
1002 4459 1171 4546 effugium,
1199 4460 1275 4547 quin
1300 4459 1500 4546 contingeret
1523 4459 1581 4523 im-

313 4543 453 4629 pingere,
476 4544 520 4609 sic
543 4555 661 4628 tamen,
686 4544 772 4634 quod
795 4543 930 4613 fraterna
954 4565 1072 4634 posset,
1097 4571 1159 4636 que
1183 4546 1291 4614 suffert
1314 4547 1438 4627 omnia,
1468 4544 1581 4612 karitas

313 4628 455 4697 tolerare.
511 4631 663 4699 Emetunt
698 4635 793 4720 igitur
825 4658 929 4700 aream
964 4688 970 4701 .
998 4688 1003 4700 .
1031 4689 1037 4701 .
1071 4635 1122 4702 Sic
1162 4658 1196 4700 se
1230 4652 1353 4721 ponunt
1389 4635 1420 4699 in
1453 4633 1581 4700 alicuius

314 4717 475 4805 municipii
506 4718 644 4801 climate,
685 4732 719 4787 ut
751 4719 891 4788 funiculo
926 4721 1155 4790 distributionis
1190 4744 1302 4788 eorum
1338 4743 1436 4787 nemo
1469 4718 1582 4787 audeat

313 4806 535 4894 propinquare.
582 4808 742 4875 Dominus
767 4831 845 4896 papa
869 4809 914 4875 sic
938 4833 1003 4875 non
1029 4809 1196 4876 consuevit
1218 4831 1273 4874 sua
1297 4806 1461 4893 indulgere
1486 4806 1581 4874 bene-

314 4890 400 4973 ficia,
436 4913 468 4958 ut
504 4894 702 4981 quorundam
738 4897 884 4961 remissio
919 4895 1008 4962 lieret
1043 4895 1199 4962 tribulatio
1235 4913 1426 4961 ceterorum.
1479 4895 1580 4961 Porro
