3828 5590
314 608 336 678 l.
359 625 433 690 1264.
902 624 997 678 Briele.
1547 615 1584 678 61

314 779 402 846 turba
418 782 633 866 poscencium,
654 782 764 846 vestris
781 799 885 846 aunem
903 782 986 846 votis
1003 783 1275 862 convenientium,
1300 784 1401 848 immo
1419 782 1582 850 desideriis

315 867 569 932 concurrentium
583 865 863 932 Teuthonicorum
876 885 969 953 atque
982 866 1180 932 Polonormn
1196 866 1316 933 ordinis
1327 870 1427 934 nostri
1443 868 1583 951 fratrum,

315 953 367 1041 qui
405 953 544 1018 certatim
585 951 641 1017 sub
676 953 877 1039 protectione
918 964 983 1018 tam
1023 953 1065 1040 pii
1107 954 1256 1041 principis
1295 956 1412 1022 servire
1449 955 1585 1023 domino

315 1040 476 1127 cupientes
492 1038 579 1106 bono
594 1041 766 1106 certamine
780 1063 906 1106 cursum
924 1063 1158 1123 consummare,
1182 1040 1280 1108 fidem
1297 1042 1483 1110 catholicam
1501 1043 1583 1132 apud

315 1151 372 1193 vos
395 1151 450 1194 seu
470 1150 593 1194 servare
617 1150 673 1194 seu
696 1150 872 1215 propagare
889 1126 1004 1194 debere
1027 1127 1173 1196 dicebant
1198 1141 1229 1197 et
1245 1129 1426 1218 evangelica
1450 1132 1583 1199 instruc-

314 1217 402 1283 tione
424 1237 480 1304 per
495 1226 660 1304 angustam
683 1227 808 1303 portam
833 1216 865 1282 in
889 1227 970 1282 terra
986 1236 1089 1284 vestra
1112 1216 1297 1305 ponendam
1320 1220 1434 1286 intrare
1458 1219 1583 1288 fervore

314 1305 438 1391 spiritus
469 1302 713 1371 contendebant.
768 1304 838 1391 Ego
872 1327 948 1370 sane
979 1304 1156 1372 mirandam
1186 1307 1363 1395 pariterque
1393 1306 1580 1374 laudandam

315 1393 395 1458 hanc
418 1393 665 1458 contencionem
691 1392 890 1474 existimans,
923 1403 956 1460 ut
980 1392 1134 1480 religiosi,
1158 1396 1210 1482 qui
1234 1393 1305 1460 alibi
1329 1395 1469 1483 propulsi
1492 1395 1583 1463 diffu-

314 1481 418 1567 giunt,
449 1479 506 1546 sub
529 1479 590 1546 alas
613 1499 731 1546 vestras
756 1479 929 1568 confugere
954 1482 997 1547 sic
1021 1481 1234 1564 contendant,
1266 1484 1413 1550 commisi
1438 1482 1582 1551 fratribus

314 1567 351 1634 ad
375 1568 437 1635 hoc
461 1567 499 1634 de
523 1569 687 1634 communi
712 1567 846 1634 consilio
871 1567 1037 1651 ordinatis,
1065 1580 1114 1651 ut,
1138 1593 1233 1657 quam
1258 1573 1321 1637 cito
1345 1581 1510 1658 poterunt,
1543 1572 1582 1639 ad

314 1655 378 1722 illas
422 1666 503 1722 artes
526 1654 712 1722 accedentes
737 1655 860 1722 oculata
883 1654 945 1722 fide
970 1655 1139 1738 diffiniant,
1171 1656 1223 1723 ubi
1248 1669 1279 1724 et
1302 1682 1319 1724 a
1342 1658 1454 1746 quibus
1477 1671 1581 1728 vestre

314 1744 363 1830 pie
387 1679 572 1809 dinocionis
596 1753 627 1809 et
651 1741 767 1809 devote
792 1742 962 1810 nobilitatis
987 1742 1178 1810 desiderium
1213 1743 1345 1832 dignum
1370 1759 1582 1835 consequatur

313 1829 472 1912 effectum,
496 1852 611 1916 rogans
635 1829 805 1910 humiliter,
830 1849 984 1918 quatenus
1009 1832 1039 1896 in
1064 1854 1122 1918 pro
1146 1833 1232 1898 osito
1257 1830 1406 1899 divinitus
1429 1834 1581 1921 inspirato

314 1919 468 1998 crescatis,
492 1919 580 1982 utin
604 1917 662 1984 hac
686 1918 855 2004 paciencia,
879 1941 940 2005 que
963 1917 1097 1984 faciente
1119 1854 1254 1984 domino
1279 1943 1346 1985 non
1368 1919 1490 2006 peribit,
1514 1944 1581 1988 non

313 2005 416 2071 solum
439 2015 574 2071 vestram
600 2017 647 2071 set
672 2016 702 2071 et
726 2004 896 2071 multarum
919 2006 1039 2071 animas
1062 2003 1226 2092 possidere
1251 2008 1388 2092 possitis.

417 2177 472 2230 l'ol.
494 2176 539 2242 26,
563 2177 609 2231 Nr.
633 2179 674 2230 2⁶.
712 2177 794 2230 ’l'rotz
821 2176 868 2230 des
895 2177 979 2230 liisers
1004 2178 1050 2230 der
1075 2178 1317 2231 lronlrurrierenden
1346 2178 1504 2249 poluischen
1530 2181 1582 2233 und

313 2265 458 2318 deutschen
477 2263 670 2317 Dominilraner
695 2263 756 2316 liam
776 2280 804 2316 es
824 2267 885 2334 jetzt
909 2265 979 2316 noch
999 2265 1071 2318 nicht
1090 2282 1121 2317 zu
1147 2265 1221 2318 einer
1239 2265 1396 2337 Grt'rndung.
1433 2268 1494 2320 Erst
1517 2283 1580 2337 1275

313 2351 422 2404 wurden
441 2350 483 2404 die
501 2349 610 2403 Klt'ister
628 2351 654 2403 in
674 2349 766 2403 Soldin
784 2350 838 2404 und
856 2351 984 2404 Prenzlau
1004 2353 1029 2404 in
1049 2351 1095 2404 der
1112 2352 1187 2405 Marlr
1207 2352 1336 2424 gestistet.

932 2543 974 2610 17.

417 2669 483 2732 Aur
507 2667 669 2732 Frieslrtnd
689 2667 772 2731 wird
794 2667 849 2732 das
874 2665 1026 2757 (Pariser)
1053 2665 1301 2753 Generalkupitel
1329 2691 1380 2732 uni
1407 2667 1582 2754 Griindimg

315 2758 392 2819 eines
416 2754 549 2819 Klosters
571 2753 702 2818 daselbst
723 2753 845 2839 gebeten
870 2752 997 2842 (1264).

420 2858 524 2922 Frisia.
564 2855 752 2922 Sedentibus
775 2855 867 2920 nobis
891 2857 922 2920 in
947 2855 1085 2922 tenebris
1109 2868 1139 2921 et
1163 2854 1273 2921 umbra
1294 2856 1406 2920 mortis
1430 2878 1497 2920 non
1523 2865 1580 2936 est,

314 2943 366 3031 qui
393 2954 501 3009 sancte
529 2941 764 3008 exhortacionis
792 2941 899 3007 lumen
924 2940 1068 3008 exhibeat
1096 2952 1128 3008 et
1151 2941 1190 3007 de
1221 2939 1287 3007 lacu
1317 2941 1442 3007 miserie
1471 2963 1581 3028 repere

313 3027 537 3119 temptantibus
565 3052 631 3096 non
657 3040 720 3108 est,
752 3030 803 3118 qui
829 3052 959 3096 manum
983 3030 1123 3116 porrigat
1156 3027 1350 3116 arljutricern.
1398 3029 1481 3096 Nam
1511 3029 1580 3112 hiis,

313 3143 392 3208 quos
409 3118 560 3185 hactenus
577 3117 692 3184 habere
704 3116 888 3185 videbamur
905 3116 1000 3184 duces
1017 3119 1136 3185 itineris
1153 3117 1332 3199 nobiscum,
1348 3117 1447 3204 proch
1462 3115 1580 3200 dolorl,
1647 3151 1650 3159 ·

313 3209 343 3274 in
359 3205 550 3296 perdicionis
573 3205 699 3273 foveam
718 3203 908 3273 ceciderunt.
947 3206 1050 3272 Omni
1067 3207 1162 3294 igitur
1186 3205 1300 3272 solatio
1318 3204 1456 3274 destituti
1474 3229 1510 3273 su
1534 3229 1580 3274 re·

313 3321 400 3363 mum
425 3296 565 3363 evicino
589 3306 692 3363 vestre
715 3294 939 3361 subvencionis
955 3295 1166 3383 prestolamur
1189 3291 1378 3377 remedium,
1403 3296 1475 3384 quia
1498 3229 1580 3362 aliud

312 3409 378 3451 non
403 3403 460 3465 est,
483 3407 577 3470 super
593 3407 657 3471 quo
681 3407 715 3449 se
732 3384 848 3449 nostris
872 3383 993 3449 casibus
1010 3383 1153 3450 exhibeat
1177 3383 1425 3449 firrnamentum.
1463 3384 1576 3450 Vestre

313 3474 430 3539 caritati
452 3473 549 3536 nimia
573 3494 645 3536 cum
670 3473 816 3536 instantia
840 3470 1061 3556 supplicamus,
1085 3483 1254 3558 quatenus,
1279 3472 1304 3535 si
1327 3483 1489 3558 tamquam
1512 3472 1578 3536 veri

312 3582 430 3645 sponse
446 3557 563 3624 Christi
587 3557 738 3624 zelatores
762 3569 903 3644 satagere
920 3560 1044 3638 curatis,
1069 3582 1109 3624 ne
1133 3557 1207 3645 quid
1232 3581 1269 3623 ex
1294 3581 1329 3623 ea
1352 3569 1469 3644 pereat,
1493 3557 1580 3644 quod

312 3648 378 3731 ipse
410 3645 517 3732 precio
548 3646 708 3730 sanguinis
739 3645 936 3731 accquisivit,
969 3655 1098 3730 pensata
1128 3647 1274 3710 vivorum
1311 3655 1341 3710 et
1376 3656 1577 3710 mortuorum

312 3733 496 3797 necessitate
527 3754 586 3796 nec
609 3733 714 3796 minus
744 3749 951 3816 utrorumque
997 3753 1132 3816 ropensa
1162 3731 1293 3796 utilitate
1318 3730 1453 3796 domum
1482 3754 1577 3796 unam

311 3820 342 3882 in
366 3830 447 3883 terra
464 3828 571 3882 nostra
587 3818 683 3882 vestri
700 3815 819 3882 ordinis
840 3819 908 3881 sine
929 3754 1144 3901 relingucione
1162 3816 1297 3904 qualibet
1320 3815 1526 3882 concedatis.
1546 3869 1552 3882 .
1572 3869 1579 3882 .

416 3989 472 4044 Fol.
493 4005 534 4058 27,
553 3990 599 4042 Nr.
621 4005 661 4061 29.
700 3989 750 4042 Die
774 3990 902 4042 deutsche
922 3990 1035 4042 Provinz
1061 3989 1154 4043 erhielt
1174 3990 1200 4042 in
1219 3990 1291 4042 Paris
1316 3989 1358 4042 die
1377 3989 1515 4042 Erlaubnis
1535 4007 1580 4042 zur

311 4079 459 4149 Grtrudung
478 4077 575 4130 zweier
594 4094 676 4130 neuer
695 4077 811 4130 Kloster.

925 4250 966 4317 18.

420 4373 664 4462 Ordenrgenernl
682 4374 832 4456 Iohannes
854 4373 981 4439 schreibt
1006 4395 1046 4440 nn
1070 4377 1134 4439 eine
1157 4386 1350 4460 rrngerrarmte
1366 4370 1577 4462 (uirgar'ische)

312 4464 434 4528 Fitrstin
457 4460 610 4549 (religiose
637 4475 664 4527 et
693 4462 794 4527 devote
821 4461 934 4527 aricille
959 4459 1087 4551 Christi)
1093 4485 1106 4540 ;
1134 4484 1166 4525 er·
1190 4459 1250 4525 ioht
1278 4461 1363 4525 ihren
1387 4460 1576 4547 Entschluss,

315 4551 385 4616 Goit
408 4552 438 4615 in
462 4550 514 4614 der
537 4547 722 4614 Eirtsamheit
745 4573 783 4634 zu
808 4549 923 4613 dienen.
971 4545 1075 4630 (Paris
1101 4550 1184 4632 1264
1209 4546 1307 4636 Irini.)

418 4721 472 4776 ror.
493 4703 533 4788 2l3,
554 4723 599 4777 m.
616 4737 655 4792 34.
686 4724 737 4775 me
757 4723 866 4775 famine
886 4722 932 4775 aer
945 4722 1099 4774 Auressarn
1119 4721 1221 4790 ergreu
1241 4721 1297 4773 sich
1316 4719 1389 4772 wou
1410 4720 1458 4772 nra
1472 4719 1578 4772 stt-her-

314 4810 368 4862 lreit
391 4827 437 4862 aus
456 4810 595 4880 folgender
614 4811 708 4864 Stelle:
735 4811 761 4862 Si
781 4810 887 4881 quidem
907 4809 996 4862 videre
1015 4810 1143 4879 potestis,
1168 4809 1189 4861 si
1209 4817 1300 4861 sancte
1320 4808 1450 4860 memorie
1471 4807 1577 4859 beatum

314 4897 475 4964 Stephanum
502 4913 563 4949 vere
588 4914 656 4949 nunc
681 4898 707 4948 in
731 4905 790 4949 toto
815 4897 1019 4949 illustrissimum
1044 4895 1107 4948 orbe
1133 4903 1158 4947 et
1182 4903 1301 4947 sanctam
1321 4894 1437 4946 Elizabet
1461 4894 1488 4945 in
1514 4892 1577 4945 celis
