3822 5592
970 771 1008 845 78

467 847 646 977 Provinrial
664 887 805 980 (ulrich)
824 891 889 957 nitr
912 891 979 956 dem
995 889 1104 958 Lektor
1119 891 1297 958 Alexander
1320 889 1366 978 (in
1382 891 1557 982 Konstanr)
1580 892 1628 958 die

364 979 490 1046 Grrinde
513 979 577 1058 mit,
600 997 722 1044 warum
746 999 778 1043 er
800 977 920 1044 dorthin
943 978 1000 1042 das
1023 977 1145 1064 Kapitel
1166 977 1294 1064 verlege.
1342 974 1469 1066 (1276.)

466 1080 670 1148 Provincialis
692 1078 778 1146 fratri
797 1078 1016 1167 Alex(andro)
1040 1080 1151 1146 lectori
1174 1077 1290 1147 ibidem
1314 1078 1354 1145 de
1378 1079 1505 1145 eodem.
1543 1079 1627 1145 Cum

360 1170 442 1235 inter
457 1168 572 1234 ascitos
588 1165 683 1233 docte
698 1164 869 1253 prudencie
881 1168 967 1232 viros
980 1165 1019 1233 de
1035 1166 1108 1232 loco
1125 1163 1332 1233 transferendi
1345 1164 1470 1253 capituli
1484 1178 1628 1253 ageretur

292 1268 295 1275 '
362 1255 448 1322 etin
479 1254 557 1336 hoc,
585 1251 690 1341 quod,
721 1251 868 1320 videlicet
895 1263 991 1320 staret
1018 1251 1278 1334 inconstantia,
1311 1263 1435 1339 patmm
1466 1254 1628 1319 sentencie

362 1339 609 1421 concordarent,
638 1351 776 1407 vestram
799 1338 930 1406 verebar
958 1337 1071 1406 faciem
1094 1350 1255 1427 tamquam
1280 1341 1427 1405 cominus
1450 1341 1628 1427 apparentis

361 1429 488 1510 timens,
511 1449 552 1494 ne
575 1427 746 1514 insperata
769 1427 908 1492 mutacio
932 1438 963 1492 et
986 1449 1079 1513 super
1104 1425 1267 1493 ordinacio
1290 1427 1462 1512 improvisa
1485 1438 1626 1493 mentem

360 1526 509 1596 vestram,
530 1536 625 1604 quam
640 1535 786 1580 serenam
804 1535 928 1580 servare
944 1512 1059 1593 studui,
1076 1511 1214 1602 aliqualis
1231 1511 1378 1579 molestie
1393 1511 1506 1578 nebula
1521 1535 1629 1600 super-

360 1600 470 1669 volans
487 1599 690 1668 obumbraret
714 1653 721 1666 .
747 1652 754 1668 .
780 1652 787 1668 .
811 1600 934 1667 Verum
950 1617 984 1668 ut
1007 1603 1089 1667 inter
1112 1612 1216 1668 cetera
1231 1599 1322 1667 vobis
1345 1601 1536 1666 intencionis
1556 1623 1628 1668 mee

360 1691 467 1776 portio
490 1689 685 1771 innotescat,
708 1687 790 1754 hanc
814 1710 910 1754 unam
934 1687 974 1755 de
997 1689 1097 1755 causis
1120 1689 1290 1769 noveritis,
1314 1687 1355 1754 ob
1379 1709 1455 1775 quas
1479 1687 1536 1754 hac
1559 1689 1628 1754 vice

361 1777 559 1864 superiorem
582 1775 773 1863 provintiam
796 1773 904 1841 locum
920 1773 994 1842 dare
1018 1774 1154 1862 capitulo
1178 1798 1200 1840 ο
1223 1773 1354 1842 ortebat.
1397 1777 1479 1843 Nam
1496 1775 1522 1841 si
1537 1774 1628 1842 abso·
1705 1809 1709 1818 ·

361 1863 522 1930 lucionem
545 1885 662 1944 meam,
686 1884 782 1950 quam
797 1860 969 1929 affectuose
992 1860 1131 1949 postulo,
1146 1860 1190 1928 ef
1209 1863 1323 1929 caciter
1339 1862 1383 1928 im
1406 1860 1526 1943 etrabo‚
1549 1863 1626 1928 item
1662 1920 1667 1926 .
1761 1939 1764 1948 y

360 1951 387 2016 si
402 1949 560 2037 provintia
582 1947 674 2016 fuerit
690 1970 746 2036 per
761 1960 861 2015 certas
876 1949 1067 2015 vicariomm
1084 1947 1241 2034 custodias
1278 1884 1427 2030 artienda,
1451 1949 1627 2016 examinate

361 2035 560 2104 discretionis
572 2048 676 2103 vestre
688 2046 720 2103 et
731 2033 866 2102 aliorum
878 2035 1046 2102 consilium
1058 2034 1220 2102 habebitur
1233 1970 1408 2101 admodum
1419 2047 1626 2122 oportunum.

362 2123 526 2203 Qui-cum
553 2144 621 2188 non
649 2122 785 2208 possetis
813 2122 846 2188 iu
869 2140 972 2208 partes
1002 2139 1142 2188 remotas
1165 2121 1232 2186 sive
1261 2119 1464 2187 transalbinas
1495 2133 1526 2186 et
1553 2144 1626 2187 cum

360 2210 448 2295 gravi
477 2206 621 2274 laborum
652 2206 819 2361 dispendio
846 2229 906 2276 vos
934 2205 1094 2289 conferre,
1124 2219 1285 2307 tamquam
1321 2205 1471 2274 subducta
1499 2205 1626 2273 lucerna

362 2293 485 2363 consilii
516 2295 649 2362 sanioris
679 2317 695 2361 a
745 2305 873 2362 montes
903 2293 1114 2380 caliginosos¹
1144 2295 1357 2380 impingerent
1385 2292 1481 2379 pedes
1514 2295 1625 2359 nostri.

360 2380 520 2470 Val(ete).

362 2510 418 2516 ⁹--
468 2564 477 2594 ¹
497 2556 657 2627 caliginosas
679 2555 731 2610 HS.

467 2713 523 2768 Fol.
545 2727 602 2780 124.
639 2713 691 2767 Die
709 2710 870 2766 Absolution
889 2709 1010 2781 erlangte
1028 2708 1119 2764 Ulrich
1138 2710 1174 2762 im
1194 2708 1339 2781 folgenden
1358 2709 1445 2781 Jahre.
1478 2709 1629 2764 Alexander

361 2803 465 2856 scheint
484 2801 510 2855 in
529 2801 576 2854 der
594 2799 704 2854 Familie
725 2799 773 2853 des
791 2798 896 2868 Konigs
915 2796 1016 2851 liudolf
1031 2797 1092 2850 sehr
1111 2797 1265 2865 angesehen
1289 2813 1419 2866 gewesen
1437 2815 1468 2850 zu
1488 2797 1553 2851 sein.
1591 2799 1627 2850 Zu

364 2883 431 2955 1276
449 2885 578 2939 berichtet
602 2884 648 2939 das
668 2875 769 2938 Chron.
790 2883 908 2936 Colmar.
934 2883 959 2935 in
978 2881 1041 2936 ΜΟ.
1061 2882 1105 2936 SS.
1125 2881 1210 2947 xvn,
1231 2894 1293 2948 244:
1314 2881 1411 2936 Lector
1429 2882 1627 2941 Predicatorum

362 2970 575 3024 Constantiensis
599 2963 750 3022 Alexander
773 2970 882 3022 nomine
910 2967 1024 3022 eundem
1049 2966 1171 3033 (Rudolss
1194 2967 1268 3020 Sohn
1291 2967 1368 3036 Karl)
1391 2967 1424 3020 de
1452 2983 1528 3021 sacro
1553 2967 1628 3022 sonte

362 3057 468 3112 levavit.
500 3143 518 3150 U
1009 3137 1011 3144 Α

968 3210 1016 3282 79.

361 3313 375 3326 Η
450 3317 629 3424 Provinqt'al
645 3332 785 3490 (Οἰνέος)
801 3334 896 3402 rodolt
919 3335 966 3402 die
982 3335 1172 3420 Konstonqer
1187 3309 1410 3400 Dominik'onor
1424 3357 1528 3422 corgon
1546 3335 1628 3401 ihrer

368 3425 563 3512 Weigcrnng‚
586 3425 642 3491 das
657 3447 731 3491 neue
773 3421 1037 3512 rovinzt'alkopitel
1052 3445 1091 3509 zu
1106 3421 1305 3489 tibernehmen
1321 3421 1386 3488 und
1408 3421 1533 3502 erklcirt,
1557 3423 1628 3512 dass

362 3510 497 3578 dasselbe
519 3510 683 3599 unbedingt
706 3509 754 3576 bri
774 3510 864 3578 ihnen
886 3509 1060 3598 stattfinden
1083 3517 1189 3576 misse.
1236 3505 1362 3600 (1276.)

468 3700 525 3756 Fol.
550 3717 608 3770 125.
646 3700 726 3755 Gedr.
751 3701 850 3756 Ztschr.
874 3699 891 3756 f.
915 3700 1055 3756 Gesch.d
1086 3699 1250 3754 Oberrheins
1276 3699 1310 3753 N.
1334 3698 1361 3753 F.
1386 3699 1423 3767 V,
1451 3698 1499 3768 536
1523 3699 1540 3753 s.
1578 3699 1628 3752 Die

362 3787 504 3842 Litteratut
522 3788 586 3841 hbet
600 3787 646 3841 das
659 3787 826 3840 Konstanzer
838 3786 1130 3841 Dominihanerkloster
1142 3785 1223 3840 findet
1236 3786 1293 3840 sich
1312 3795 1455 3839 neuestens
1470 3785 1630 3856 vollstandig

363 3874 524 3943 gesammelt
542 3874 569 3928 in
586 3874 681 3940 Krane,
700 3873 743 3926 die
761 3873 1003 3928 Konstdenlrmaler
1021 3873 1068 3926 des
1087 3871 1239 3927 Grossherz.
1260 3872 1348 3926 Badeo
1368 3872 1387 3966 l,
1408 3885 1458 3938 244
1478 3871 1504 3926 ff.

969 4026 1019 4096 80.

469 4129 583 4220 (Konig
612 4133 732 4220 Rndols
758 4155 817 4200 oon
844 4132 1025 4223 Hobsburg)
1058 4131 1207 4220 empſsehlt
1237 4131 1300 4197 sich
1330 4131 1383 4196 dor
1411 4131 1547 4197 Fairbittc
1575 4131 1629 4198 der

363 4218 586 4287 Dominikanar
619 4221 684 4286 und
716 4220 777 4307 legt
807 4219 895 4286 ihren
930 4220 977 4286 dio
1011 4217 1414 4305 Kreurrugsangetegenheit
1446 4239 1502 4284 ans
1531 4218 1627 4304 Hert.

364 4303 491 4396 (1276)

468 4409 558 4477 Olim
586 4433 679 4498 super
701 4420 848 4477 montem
872 4409 960 4498 Syon
984 4431 1075 4495 reges
1099 4409 1262 4475 constituti
1290 4407 1414 4495 populis
1437 4409 1628 4495 inperantes,

361 4495 501 4564 tribubus
529 4495 745 4579 dominantes,
778 4515 929 4563 terramm
964 4496 1119 4562 terminos
1146 4493 1360 4582 possidentes,
1394 4516 1434 4560 ne
1464 4495 1514 4561 vie
1547 4495 1628 4562 iuste

362 4583 553 4672 compendia
575 4585 762 4670 preterirent
785 4601 817 4650 et
840 4581 1024 4671 nequando
1045 4583 1229 4648 irasceretur
1246 4579 1406 4662 dominus,
1431 4582 1518 4648 cuius
1535 4592 1629 4648 nutus

361 4672 504 4759 ipsorum
521 4670 617 4740 corda
632 4672 713 4738 sicut
728 4669 901 4738 divisiones
917 4692 1066 4759 aquarum
1083 4667 1122 4736 ad
1138 4691 1261 4758 quecun
1285 4693 1324 4735 ue
1340 4666 1441 4736 voluit
1456 4667 1628 4748 inclinavit,

363 4761 444 4826 hanc
475 4769 606 4848 utraque
638 4782 735 4826 manu
765 4776 951 4825 curaverunt
989 4754 1225 4844 'apprehendere
1257 4691 1471 4843 dlsciplinam,
1505 4766 1539 4822 ut
1571 4753 1629 4821 sibi

362 4847 536 4913 niterentur
559 4846 713 4913 attrahere
737 4844 916 4912 familiarius
938 4842 1051 4911 affectu
1075 4845 1212 4931 puriore,
1235 4845 1355 4909 sociare
1378 4841 1501 4908 fidelius
1523 4840 1628 4908 studio
