3822 5592
357 605 416 672 118
934 617 1028 676 Briele.
1493 617 1515 690 J.
1537 619 1610 674 ratiti,

352 789 417 846 tem
441 800 497 844 ore
520 778 753 866 persecucionis
777 775 959 844 huiusmodi
982 795 1029 843 set
1050 773 1185 856 solvent,
1209 798 1280 842 curn
1304 775 1442 862 primum
1465 773 1612 842 obtulerit

352 887 387 932 se
409 800 546 932 benitas.
592 864 729 930 Potestis
759 864 853 930 etiarn
885 886 957 930 curn
986 863 1060 950 ipsis
1083 863 1254 929 convenire
1276 884 1332 952 per
1360 861 1444 928 hunc
1467 859 1611 942 modum,

352 949 438 1038 quod
461 948 570 1017 fratres
602 973 635 1016 se
659 948 801 1036 obligent
823 947 862 1016 ad
884 947 1074 1016 solvendum
1097 970 1155 1035 pro
1179 947 1211 1014 X
1234 949 1347 1026 mareis
1369 949 1460 1014 annis
1483 947 1530 1029 sin
1575 945 1612 1014 lis

353 1059 447 1102 uuam
464 1058 613 1116 marcam,
637 1034 741 1102 donec
763 1046 868 1102 totum
885 1033 1025 1101 debitum
1049 1035 1088 1101 sit
1111 1034 1307 1102 exhaustum.
1346 1033 1377 1100 Si
1395 1054 1472 1100 vero
1496 1057 1538 1100 nu
1551 1033 1611 1100 lam

351 1123 484 1209 potestis
507 1145 523 1187 a
547 1120 589 1188 ud
612 1123 698 1208 ipsos
721 1123 852 1206 gratiam
876 1121 1029 1202 invenire,
1053 1119 1226 1187 ostendatis
1249 1119 1365 1187 litteras
1388 1142 1478 1207 pape,
1503 1121 1533 1185 in
1553 1143 1612 1208 qua

352 1207 409 1274 sibi
432 1145 605 1276 cautelltm¹
627 1208 796 1294 assumpsit
811 1205 984 1274 domomm
1008 1218 1185 1273 nostrarum
1211 1207 1324 1294 pariter
1347 1218 1378 1273 et
1400 1205 1557 1286 locorum,
1581 1219 1612 1272 et

352 1306 467 1362 extunc
490 1316 549 1382 pro
572 1295 639 1360 iure
663 1293 808 1361 Romane
839 1292 971 1360 ecclesie
999 1304 1030 1360 et
1052 1314 1111 1380 pro
1135 1305 1241 1360 nostra
1265 1293 1384 1360 iusticia
1413 1304 1523 1360 contra
1546 1293 1613 1358 uni·

351 1383 530 1450 versitatem
554 1379 726 1449 iudeorum
750 1392 781 1448 et
806 1402 952 1468 expresse
983 1391 1092 1447 contra
1115 1378 1230 1448 Iudeos
1253 1381 1470 1468 Zouingenses
1499 1392 1530 1448 et
1553 1379 1613 1447 Lu-

351 1470 508 1538 cerienses
537 1467 576 1534 ad
607 1467 715 1535 sedern
745 1467 950 1556 apostolicam
984 1465 1154 1554 appelletis,
1186 1467 1333 1620 quicppid
1362 1465 1435 1534 iude
1467 1465 1613 1548 feceritis,

351 1555 459 1642 sigillis
484 1568 515 1624 et
538 1553 668 1622 testibus
692 1554 887 1622 roborantes.
934 1554 969 1620 ln
995 1555 1154 1641 premissis
1178 1555 1267 1620 omni
1290 1577 1326 1620 us
1350 1566 1381 1622 et
1404 1554 1470 1620 aliis
1494 1553 1614 1620 casibus

352 1643 414 1710 hoc
437 1643 608 1730 negocium
633 1641 891 1729 contingentibus
914 1663 972 1708 vos
996 1653 1233 1728 procuratorem
1257 1643 1323 1708 sive
1347 1665 1361 1707 s
1386 1639 1513 1708 ndicum
1538 1663 1614 1708 con-

351 1731 447 1800 stituo
471 1751 527 1819 per
549 1740 721 1817 presentes,
744 1740 847 1796 ratum
871 1739 903 1796 et
924 1741 1060 1815 gratum,
1084 1726 1231 1817 quicquid
1254 1727 1328 1796 inde
1351 1665 1506 1810 baritis,
1530 1727 1613 1795 habi·

350 1831 447 1886 tutus.
491 1817 617 1884 Priores
649 1817 744 1884 etiam
767 1835 798 1884 et
827 1814 946 1896 fratres,
981 1838 1062 1904 quos
1094 1838 1151 1904 pro
1184 1816 1242 1884 ista
1265 1839 1356 1884 causa
1386 1815 1553 1883 consilium
1582 1829 1614 1883 et

350 1903 498 1974 auxilium
522 1904 698 1992 prebituros
720 1905 953 2058 reputaveritis,
977 1903 1067 1970 vobis
1083 1902 1302 1991 obtemperare
1327 1906 1409 1971 iuxta
1433 1903 1537 1971 datam
1557 1903 1612 1970 sibi

350 1993 481 2079 gratiam
505 1990 704 2059 tenebuntur.
782 1990 862 2058 alete
887 2001 945 2058 etc.

360 2120 362 2124 .
380 2117 566 2126 ..m——
572 2117 667 2126 ...μ-...-

457 2173 467 2206 ²
485 2164 522 2219 So
540 2164 582 2218 die
601 2164 652 2218 HS.
727 2171 737 2202 ²
755 2165 823 2218 Statt
842 2164 868 2218 in
888 2163 980 2234 quibus
1000 2165 1048 2217 sibi
1067 2164 1194 2218 tutelam?

353 2275 356 2282 ι
396 2275 429 2282 ...ι
434 2274 668 2282 nom-cnam

438 2320 511 2396 Pol.
528 2322 584 2388 148,
616 2311 689 2375 Uber
706 2321 748 2374 die
761 2319 884 2392 Zotinger
897 2321 1112 2392 Angelegenheit
1132 2320 1184 2392 vgl.
1198 2320 1350 2390 liinleitung
1364 2321 1389 2376 S.
1406 2337 1436 2390 32
1456 2322 1508 2375 und
1523 2332 1612 2376 unten.

351 2399 422 2464 Uber
435 2409 513 2464 einen
532 2407 697 2480 pipstlicheu
710 2407 831 2480 Austrag,
850 2407 901 2462 den
914 2409 999 2480 Juden
1019 2427 1049 2462 zu
1063 2409 1199 2480 predigen,
1219 2408 1354 2463 berichten
1374 2409 1416 2464 die
1426 2409 1522 2464 Annal.
1536 2410 1611 2464 basil.

349 2498 375 2551 in
394 2495 457 2552 MG.
476 2497 521 2552 SS,
541 2496 626 2564 XVII,
646 2510 697 2562 204
715 2514 747 2550 zu
768 2496 847 2566 1278:
875 2496 978 2550 Eodem
997 2506 1119 2568 tempore
1138 2495 1238 2568 papalis
1262 2497 1347 2550 littera
1367 2498 1437 2552 venit
1457 2498 1483 2552 in
1502 2497 1611 2552 Colum·

349 2585 456 2652 bariam,
474 2584 501 2638 in
520 2600 571 2656 qua
589 2584 781 2650 continebatur,
800 2583 873 2655 quod
891 2583 999 2638 deberet
1020 2582 1125 2656 perfidis
1143 2583 1230 2638 Iudeis
1250 2585 1322 2654 prior
1341 2585 1508 2656 provincialis
1522 2585 1612 2638 Theu-

349 2671 423 2726 tunie
441 2687 502 2726 cum
522 2669 643 2724 tratribus
662 2671 715 2724 suis
734 2669 815 2724 tidem
833 2671 992 2726 catholicam
1011 2670 1123 2726 fideliter
1141 2670 1283 2742 predicare,

955 2897 1003 2965 llt't.

455 3017 632 3102 Provinzial
648 3013 839 3106 (Hermann)
856 3016 1032 3104 beartstragt
1047 3017 1094 3082 die
1111 3017 1237 3082 Prioren
1259 3040 1318 3083 von
1336 3017 1528 3104 Regettsburg
1550 3019 1615 3082 carrd

350 3102 497 3170 Ntirnber
517 3155 527 3184 ,
551 3103 646 3191 dasdr
661 3126 700 3188 zu
715 3125 832 3190 sargan,
856 3103 927 3191 dass
943 3103 1087 3169 rtiemand
1100 3103 1147 3168 die
1166 3104 1248 3169 ihrer
1268 3101 1370 3170 obtat
1393 3116 1611 3170 anvertrauten

349 3126 581 3256 Frauenkllitter
603 3189 720 3257 betrete.
767 3186 893 3280 (1288.)

454 3293 642 3362 Prohibetur
665 3296 811 3364 introitus
835 3294 873 3362 ad
897 3294 1076 3363 claustrum.
1115 3295 1306 3363 Prioribus.
1333 3349 1339 3362 .
1365 3307 1427 3362 et.
1453 3349 1460 3364 .
1485 3298 1612 3383 provin-

350 3381 443 3449 cialis.
489 3381 605 3450 Audivi
629 3381 668 3450 tle
700 3383 839 3450 claustris
862 3406 936 3450 cure
963 3403 1067 3450 vestre
1091 3385 1271 3450 commissis
1293 3383 1445 3473 quedam,
1474 3397 1505 3452 et
1528 3407 1563 3451 ea
1586 3386 1611 3450 si

349 3493 422 3538 vera
438 3481 521 3552 sunt,
545 3471 622 3538 milri
639 3493 792 3558 magnum
808 3472 958 3538 timorem
975 3472 1130 3539 incutiunt
1147 3473 1260 3560 pariter
1276 3485 1307 3540 et
1326 3470 1504 3554 horrorem,
1527 3471 1612 3540 vide-

350 3556 422 3626 licet
444 3557 530 3646 quod
554 3556 650 3624 iacilis
671 3569 719 3626 est
742 3559 888 3626 introitus
912 3581 1129 3644 personarum,
1154 3582 1215 3646 que
1239 3559 1517 3626 constitutionibus
1540 3582 1612 3647 pro-

351 3643 497 3710 hibentur
520 3667 587 3710 non
611 3643 714 3710 solum
739 3643 777 3712 ad
800 3643 1015 3712 solaciandum
1039 3644 1088 3711 vel
1111 3645 1283 3712 videndum
1307 3647 1476 3732 proximas,
1502 3657 1550 3712 set
1572 3646 1610 3712 ad

350 3729 635 3814 commedendum,
664 3729 836 3797 bibendum
860 3749 905 3812 et,
934 3730 1021 3818 quod
1051 3743 1098 3798 est
1122 3730 1348 3813 detestabilius,
1377 3731 1608 3798 dormiendum.

349 3816 465 3898 Immo,
489 3828 523 3884 ut
546 3817 647 3885 dicam
671 3817 819 3904 amplius,
837 3816 1074 3884 edificaverunt
1098 3820 1129 3884 in
1154 3818 1293 3886 claustris
1317 3819 1492 3905 hospicium
1522 3841 1611 3885 secu-

350 3902 472 3984 laribus,
488 3926 548 3970 nec
563 3926 737 3990 peccarem,
761 3904 786 3969 si
803 3901 941 3970 dicerem
959 3904 1122 3991 hospitale,
1146 3924 1179 3971 ur
1195 3927 1380 3994 unaqueque
1397 3927 1530 3992 persona
1551 3927 1609 3992 pro

349 4000 431 4056 statu
453 4012 512 4056 suo
537 3989 746 4057 commodum
771 3991 910 4058 inveniat
939 4015 1010 4057 curn
1036 3990 1156 4058 ordinis
1183 3991 1392 4058 incommodo
1416 4002 1447 4058 et
1470 3993 1609 4058 maximo

350 4074 552 4143 detrimento.
599 4076 661 4142 Ubi
684 4078 826 4158 interim,
850 4075 926 4144 dum
951 4078 1046 4144 vestis
1069 4077 1134 4144 lino
1158 4077 1289 4165 lanaque
1312 4079 1502 4159 contexitur,
1533 4076 1607 4144 dum

350 4161 407 4228 bos
438 4161 494 4228 sub
524 4162 677 4250 iugalibus
706 4164 858 4244 sociatur,
889 4187 1020 4230 censura
1042 4163 1176 4244 silencii,
1204 4166 1233 4230 vi
1259 4164 1379 4230 iliarum
1407 4162 1547 4230 debitum
1578 4186 1609 4232 et

349 4249 512 4336 religionis
527 4249 699 4318 servabitur
714 4248 896 4337 disciplina?
934 4251 1019 4318 Vivit
1035 4249 1193 4318 dominus.
1227 4186 1309 4318 gum
1327 4249 1475 4318 decorem
1492 4250 1608 4318 domus

350 4337 409 4402 Dei
445 4334 590 4424 diligam,
623 4359 690 4404 non
722 4338 825 4439 patiar
860 4337 921 4404 lroc
954 4336 1113 4405 dedecus¹
1145 4339 1379 4420 convalescere,
1417 4337 1503 4426 quod
1536 4350 1609 4406 ante

348 4436 474 4526 ternpus
498 4447 607 4492 meum
631 4423 861 4494 dormientibus
885 4425 1027 4493 credatur
1050 4424 1230 4493 hominibus
1254 4437 1354 4493 satum
1379 4447 1457 4494 esse.
1494 4425 1609 4514 Exper-

348 4512 505 4598 gisctmini
534 4513 628 4600 igitur
651 4524 683 4580 et
712 4512 775 4580 hoc
798 4511 836 4579 ab
860 4514 914 4595 eis,
946 4536 1007 4600 que
1030 4535 1151 4580 nomen
1174 4524 1313 4580 vestrum
1342 4535 1492 4600 superse
1520 4514 1610 4580 invo-

349 4609 467 4681 carunt,
491 4597 719 4688 opprobrium²
741 4598 896 4681 auferatis,
920 4599 1106 4667 mandantes
1123 4598 1242 4667 eisdem
1266 4612 1297 4667 et
1312 4623 1406 4687 super
1430 4600 1491 4666 lroc
1515 4601 1609 4668 inter·

349 4685 422 4753 dicti
450 4687 640 4755 sententiam
669 4688 908 4754 ammonitione
937 4685 1116 4774 preambula
1166 4686 1355 4768 referentes,
1407 4699 1539 4754 uatenus
1569 4685 1609 4754 de

349 4785 455 4841 cetero
479 4771 517 4841 ad
540 4772 610 4840 loca
633 4771 815 4841 huiusmodi
838 4775 917 4840 intra
946 4773 1068 4840 claustri
1091 4710 1260 4855 ambitum,
1290 4775 1355 4841 sive
1380 4710 1421 4840 illi
1444 4771 1609 4841 familiares

339 4861 420 4940 sint,
445 4860 510 4926 sive
533 4858 666 4928 benefici
690 4872 834 4946 parentes
858 4873 909 4928 aut
933 4862 1056 4946 patroni
1079 4873 1130 4928 aut
1151 4859 1314 4928 cuiuslibet
1336 4871 1434 4927 status
1461 4859 1509 4928 vel
1534 4882 1609 4926 con-
