3822 5592
271 593 275 602 Ι
320 627 381 707 150
902 633 997 690 Briefe.
1463 633 1485 704 J.
1508 633 1583 704 1289.

316 803 377 848 ante
396 810 444 847 vos
464 792 519 861 fuit,
542 793 721 860 ordinaverat,
741 792 812 864 quod
830 793 888 848 libri
906 809 1030 846 sororum
1049 791 1075 845 in
1094 790 1168 847 cellis
1187 789 1297 846 fratrum
1315 791 1413 862 reperti
1432 790 1589 845 auferentur

316 889 341 935 et
360 881 439 934 ablati
457 881 567 934 minime
586 878 765 934 redderentur.
794 879 840 934 Set
853 879 905 934 hoc
924 878 1040 934 nonfuit
1059 877 1262 948 intelligendum
1277 878 1310 932 de
1329 886 1422 944 matre,
1442 893 1494 950 que
1506 895 1589 932 soror

316 978 364 1034 est,
388 975 428 1021 set
452 967 486 1020 de
509 967 579 1033 aliis,
610 982 661 1037 que
683 965 745 1020 talia
768 966 927 1037 quandoque
955 966 1153 1019 communicant
1176 963 1298 1018 fratribus
1326 981 1381 1018 non
1411 965 1511 1036 absque
1535 981 1588 1036 spe·

315 1053 445 1107 vanitatis

918 1221 984 1290 135.

423 1344 582 1410 Schreiben
605 1341 669 1432 (des
693 1342 918 1433 Provinzialsi)
942 1344 1016 1408 tiber
1038 1343 1085 1409 dic
1113 1343 1289 1409 Teilnahme
1312 1347 1391 1408 cirrus
1414 1344 1584 1409 Konverrtes

317 1453 357 1497 an
380 1431 632 1496 nichiuristiscben
660 1428 872 1518 Operationen.
920 1427 1047 1519 (1289.)

421 1534 564 1600 Veniens
586 1534 620 1598 in
645 1585 652 1599 .
678 1585 684 1598 .
709 1533 832 1613 inveni,
860 1531 946 1620 quod
971 1531 1035 1614 illa,
1062 1555 1123 1619 que
1147 1532 1379 1599 commiserunt
1406 1530 1516 1600 fratres
1541 1585 1548 1598 .
1575 1586 1587 1598 ..

317 1618 552 1707 operationibus
568 1619 739 1685 alcltimicis
762 1617 949 1700 assistendo,
973 1619 1035 1684 iam
1055 1640 1122 1684 non
1146 1630 1269 1685 tantum
1286 1617 1432 1686 dicuntur
1455 1620 1487 1684 in
1504 1620 1584 1686 auri-

315 1704 389 1785 bus,
419 1717 468 1772 set
491 1728 590 1793 prope
614 1716 676 1785 est,
706 1716 740 1771 ut
785 1703 963 1771 redicentnr
986 1705 1016 1770 in
1041 1705 1148 1786 tectis,
1180 1727 1216 1770 ea
1238 1703 1384 1771 videlicet
1407 1704 1493 1791 lege,
1522 1729 1582 1792 qua

315 1791 392 1857 nihil
423 1811 470 1858 est
492 1803 655 1879 opertum,
687 1728 782 1879 quod
797 1813 864 1857 non
887 1791 1051 1858 reveletur.
1103 1789 1310 1942 Propter(ea?
1340 1790 1441 1857 multo
1471 1790 1588 1858 fratres

316 1880 411 1964 positi
441 1889 514 1945 sunt
548 1879 600 1944 in¹
634 1877 760 1945 timore.
821 1878 964 1944 Vicarius
1002 1888 1107 1944 autem
1136 1876 1254 1944 dictum
1300 1889 1415 1944 ratrem
1450 1930 1490 1944 ..
1519 1877 1581 1943 iarn

316 1967 443 2032 miserat
467 1966 497 2030 in
523 2017 530 2032 .
556 2017 579 2046 .,
608 1988 668 2065 qua
691 1975 798 2032 motus
826 1965 934 2030 nescio
965 1965 1096 2031 ratione.
1143 1964 1226 2030 Nam
1255 1965 1350 2051 ipsius
1374 1965 1498 2030 socium
1522 1963 1584 2030 fra-

315 2064 397 2118 trent
422 2104 429 2118 .
455 2103 478 2132 .‚
507 2063 541 2118 ut
564 2050 691 2134 dicitnr,
715 2053 830 2117 tenetis
853 2053 1009 2138 captivum
1035 2069 1066 2118 et
1089 2050 1165 2117 alter
1188 2073 1271 2140 pene
1295 2049 1451 2116 obnoxius
1476 2069 1524 2117 est
1549 2051 1581 2116 in

315 2140 390 2205 actis
409 2139 524 2225 posite,
547 2161 641 2226 quam
659 2139 690 2204 in
714 2137 787 2204 loco
803 2156 910 2204 vestro
925 2140 977 2204 vix
993 2135 1157 2226 tranquille
1179 2149 1288 2238 posset
1305 2136 1477 2218 exsolvere,
1502 2136 1578 2204 dunt

316 2225 357 2291 ibi
373 2223 502 2293 fratrum
520 2225 715 2292 conveniunt
731 2226 874 2292 examina
890 2238 1018 2313 propter
1034 2222 1315 2312 Argent(1nensia)
1333 2224 1443 2312 placita
1459 2225 1586 2292 utinam,

317 2314 412 2380 cicius
427 2311 639 2380 terminanda!
671 2311 878 2380 Tedetertim
895 2335 1000 2378 meam
1016 2313 1155 2378 animam
1171 2312 1235 2378 vite
1251 2310 1369 2400 me(e).
1400 2310 1579 2379 Consilium

315 2419 422 2470 autem
437 2397 568 2468 fratrum
585 2411 642 2482 est,
665 2399 752 2488 quod
776 2400 922 2467 mittatur·
940 2401 971 2465 in
990 2452 996 2465 .
1015 2453 1034 2480 .,
1059 2411 1106 2466 set
1128 2421 1222 2488 super
1246 2399 1307 2465 hoc
1324 2417 1464 2466 vestrum
1486 2398 1585 2466 bene-

336 2489 463 2642 laqitum
487 2507 632 2575 expect0,
656 2487 743 2576 quod
766 2486 805 2554 ad
829 2493 881 2555 t'ne
898 2540 905 2554 .
924 2541 930 2554 .
948 2489 1057 2575 prior.
1077 2539 1083 2553 .
1101 2487 1213 2553 vestris
1236 2486 1346 2554 litteris
1362 2485 1529 2554 destinabit
1547 2540 1554 2552 .
1574 2539 1585 2552 .

349 2588 438 2644 aete.

316 2703 500 2711 ——·---——·-—
504 2703 632 2709 ...-—-—--

423 2759 432 2788 ¹
450 2749 570 2821 Doppelt
588 2749 640 2804 HS.

318 2859 584 2869 —-—--——.—-·-
586 2859 630 2865 .....

422 2905 478 2958 Fol.
501 2903 586 2972 ¹7⁶*-

917 3075 983 3144 lat.

427 3197 673 3286 Ordensgeaeral
696 3196 833 3289 (Manio)
850 3199 972 3286 sordet!
996 3222 1053 3284 {nr
1078 3197 1350 3286 Gefangennahrue
1373 3199 1483 3282 quater
1503 3198 1583 3284 Apu·
1639 3158 1643 3166 Ι

317 3299 415 3353 sarran
437 3288 504 3376 oris.
552 3283 679 3377 (1289.)

424 3391 575 3478 Magister
599 3391 718 3457 ordinis
741 3391 894 3458 universis
917 3389 1061 3456 fratribus
1076 3390 1311 3457 Theutltonicis
1334 3389 1374 3456 de
1398 3388 1585 3478 quibusdam

319 3480 469 3565 apostatis
493 3478 608 3558 scribit,
632 3476 719 3566 quod
743 3478 911 3564 capiantur.
959 3477 1042 3543 Cum
1065 3479 1099 3542 in
1123 3478 1199 3544 actis
1227 3477 1351 3564 capituli
1375 3477 1589 3562 Augustensis

319 3565 458 3648 positum
483 3563 617 3643 dicatur,
648 3563 735 3650 quod
759 3565 879 3628 cunctis
908 3615 915 3628 .
942 3615 948 3627 .
980 3562 1136 3648 prioribus
1165 3575 1195 3630 et
1226 3586 1338 3628 eorum
1367 3564 1488 3628 vicariis
1516 3562 1584 3627 fore

319 3649 430 3715 debeat
459 3649 598 3715 studium
632 3647 945 3728 excommunicandi,
978 3647 1205 3728 denunciandi‚
1234 3647 1394 3733 capiendi,
1422 3647 1583 3714 detinendi

319 3734 445 3800 fratrem
471 3787 478 3800 .
504 3786 511 3800 .
535 3746 725 3821 apostatam,
757 3732 977 3819 falsografunr,
1010 3732 1233 3814 alclrimistam,
1261 3733 1505 3820 reprehensibile
1532 3733 1591 3799 ad·-

320 3820 454 3886 modum
481 3819 650 3902 iudicatur,
681 3818 767 3908 quod
798 3821 849 3885 vix
877 3820 969 3906 aliqui
999 3831 1139 3886 vestrum
1171 3819 1338 3906 hocopus
1369 3818 1407 3885 ad
1436 3818 1584 3886 effectum

321 3906 461 3979 debitum
490 3918 738 3994 prosequuntur,
769 3918 816 3973 set
844 3907 946 3971 missis
975 3904 1119 3972 manibus
1147 3906 1277 3993 pigricie
1306 3905 1362 3971 sub
1391 3905 1526 3986 ascellis,
1558 3906 1583 3970 si

342 3994 388 4059 nis
412 3992 571 4060 infaciem
595 4016 653 4059 vos
670 3991 762 4074 cedit,
786 3994 812 4058 si
835 3993 903 4080 quis
920 3991 1088 4073 extollitur,
1112 3994 1138 4057 si
1161 3992 1230 4092 quis
1247 3991 1387 4074 devorat,
1411 3994 1587 4059 sustinetis.

319 4017 424 4146 druch
442 4079 557 4168 pudor!
582 4078 668 4168 quod
692 4102 749 4168 pro
773 4079 883 4146 talibus
900 4091 931 4146 et
954 4100 1017 4145 tarn
1042 4078 1239 4146 evidentibus
1255 4079 1449 4165 calumpniis,
1473 4079 1588 4167 quibus

320 4190 386 4233 non
411 4167 516 4234 solum
538 4189 675 4254 persone
698 4166 847 4254 speciales
871 4165 1107 4248 confodiuntur,
1136 4165 1191 4232 sed
1214 4179 1301 4233 totus
1325 4166 1405 4233 ordo
1428 4167 1590 4266 appetitur·

320 4269 351 4322 et
381 4253 557 4322 conciditur
584 4253 714 4321 vulnere
746 4276 840 4341 super
866 4252 994 4336 vulnus,
1026 4277 1085 4321 nec
1114 4252 1199 4321 zelus
1229 4277 1287 4321 vos
1320 4252 1495 4321 commedit
1524 4277 1583 4320 nec

320 4344 430 4410 caritas
453 4354 543 4429 urget
567 4364 626 4408 nec
649 4339 824 4428 indignatio
847 4340 956 4409 fervet.
1003 4341 1057 4408 Set
1080 4342 1182 4408 bomo
1205 4354 1361 4429 apostata,
1385 4342 1433 4408 vir
1455 4340 1583 4421 inutilis,

320 4431 407 4498 cuius
425 4431 586 4498 vesaniam
610 4452 750 4497 carceres
774 4441 805 4497 et
828 4428 926 4496 eculei
950 4452 1154 4516 compescere
1178 4432 1397 4518 nequiverunt,
1422 4441 1583 4517 tamquam

320 4517 438 4605 pullum
463 4517 574 4604 onagri
597 4516 729 4584 liberum
753 4540 787 4584 se
810 4529 922 4604 putans
945 4540 1095 4603 perverso
1126 4515 1223 4584 corde
1247 4517 1364 4583 malurn
1390 4517 1585 4583 machinatus

320 4606 588 4672 comminationes
611 4616 706 4672 tetras
723 4603 762 4670 de
779 4606 933 4691 corruptis
956 4604 1129 4691 precordiis
1146 4602 1309 4685 exalando,
1333 4616 1400 4670 tota
1417 4603 1467 4670 die
1487 4604 1585 4689 iurgia

320 4693 464 4774 seminat,
488 4691 609 4757 libellos
632 4690 760 4758 infantie
783 4690 967 4772 iactitando,
998 4703 1108 4758 contra
1131 4713 1268 4779 quorum
1298 4703 1443 4758 auctores
1468 4701 1498 4757 et
1521 4712 1584 4756 set·

320 4791 444 4847 vatores
467 4779 554 4931 leges
577 4778 672 4846 seculi
696 4778 847 4846 frameam
870 4781 1035 4859 suscitant,
1065 4789 1225 4845 armantur
1249 4779 1314 4845 iura
1342 4777 1444 4845 ultore
1467 4776 1586 4864 gladi0,

320 4867 466 4953 quatinus
501 4877 612 4932 unesta
635 4886 716 4932 voce
738 4868 857 4953 precisa
880 4868 991 4953 pocius
1008 4888 1101 4952 quam
1125 4863 1239 4945 audita,
1263 4863 1350 4952 quod
1374 4865 1498 4944 meruit,
1522 4863 1585 4930 luat
