3822 5592
301 598 324 668 J.
346 613 420 670 1279.
889 599 984 654 Briele,
1509 605 1567 670 145

301 772 349 820 sct
372 753 429 819 sub
454 754 563 819 umbra
587 753 683 835 illius,
707 778 801 842 quem
828 754 1026 836 desideratis,
1050 755 1198 822 sedebitis
1222 757 1253 820 in
1278 758 1384 843 requie
1409 756 1569 844 opulenta,

302 839 354 905 ubi
376 841 500 906 timoris
524 842 672 907 nocturni
695 840 810 907 lrorror
825 841 975 928 aufugiet,
999 843 1052 930 qui
1077 841 1182 908 multis
1205 841 1263 910 fuit
1279 845 1406 910 occasio
1430 844 1517 930 quasi
1537 845 1568 908 in

302 925 414 992 mediis
445 926 581 993 tenebris
613 924 782 1009 titubandi,
818 926 893 994 dum
925 951 992 994 non
1021 927 1241 1010 considerant,
1274 927 1361 1017 quod
1389 953 1457 995 non
1495 942 1569 996 sunt

302 1012 462 1100 condigne
485 1014 647 1101 passiones
669 1013 760 1080 huius
783 1016 938 1102 temporis
962 1013 999 1080 ad
1016 1014 1152 1081 fututam
1175 1016 1310 1102 gloriam
1333 1017 1370 1082 in'
1382 1015 1483 1098 vobis,
1507 1040 1568 1104 que

302 1101 333 1165 in
346 1101 460 1166 virtute
471 1101 531 1166 Dei
548 1099 762 1182 custodimini,
779 1125 838 1168 suo
855 1113 1001 1188 tempore
1014 1101 1262 1190 revelanda(m).
1287 1102 1337 1169 Ad
1354 1103 1417 1169 hoc
1429 1121 1463 1170 ut
1478 1115 1568 1170 tanto

300 1188 440 1253 securius
464 1199 582 1275 quanto
612 1187 737 1254 liberius
766 1189 798 1254 in
822 1208 977 1276 concepta
999 1191 1064 1256 vite
1093 1191 1207 1257 semita
1234 1190 1407 1278 procedere
1431 1189 1568 1272 valeatis,

300 1277 512 1342 austeritatem
536 1287 726 1342 statutorum
749 1275 985 1364 dispensatione
1008 1277 1142 1364 gratuita
1157 1277 1248 1344 vobis
1272 1279 1415 1365 mitigare
1432 1277 1567 1360 decrevi,

300 1361 439 1428 scribens
462 1364 610 1450 priorisse
634 1375 665 1430 et
688 1363 851 1430 sororibus
875 1364 992 1431 litteras
1016 1364 1308 1447 commendaticias,
1333 1388 1387 1452 pet
1410 1389 1486 1454 quas
1510 1365 1566 1432 do·

300 1461 420 1530 centur,
444 1451 573 1539 qualiter
588 1451 699 1518 vestris
718 1450 884 1520 intendere
901 1451 1036 1518 debeant
1052 1451 1244 1528 commodis,
1269 1453 1407 1540 elargato
1425 1452 1565 1542 undique

301 1560 374 1624 erga
398 1561 455 1604 vos
479 1537 586 1605 officio
610 1541 743 1626 pietatis.
790 1539 910 1607 Datum
934 1551 994 1607 etc.
1020 1593 1026 1606 .
1052 1592 1059 1606 .

404 1713 459 1767 Fol.
482 1729 538 1782 ¹73·

901 1921 968 1992 128.

405 2043 583 2128 Proviuqial
611 2041 803 2196 (Hermouy
830 2057 969 2131 gestattet
999 2046 1053 2110 cler
1082 2044 1193 2132 Grr'ifin
1216 2045 1276 2110 Bia
1303 2068 1362 2110 aron
1391 2045 1566 2132 Rrgeusteiu

298 2129 375 2192 uach
397 2128 549 2194 Auswahl
572 2129 622 2194 des
647 2130 738 2196 Ortes
786 2131 950 2196 chuerum
974 2153 1030 2196 trus
1054 2132 1183 2196 Kluster
1202 2131 1399 2196 Wiederstedt
1421 2154 1461 2217 (τι
1484 2133 1566 2195 einer

299 2237 393 2279 alerien
417 2215 703 2304 Klostergriludung
725 2241 764 2302 (u-
787 2218 909 2283 auiibleu
933 2219 996 2284 uud
1018 2221 1059 2284 im
1084 2219 1203 2284 Kloster
1226 2241 1265 2304 qu
1289 2217 1382 2282 leben.
1430 2215 1565 2307 (radpl)

402 2317 514 2385 lllustri
545 2343 581 2386 ac
604 2320 782 2387 honorabili
809 2320 941 2388 domine
973 2316 982 2388 J
1006 2375 1012 2388 .
1042 2323 1096 2388 Bie
1126 2324 1287 2388 comitisse
1316 2320 1355 2388 de
1379 2321 1565 2407 Regiustein

297 2402 391 2471 frater
414 2405 653 2496 Her(mannus)
699 2409 763 2474 rior
786 2409 986 2495 provincialis
1013 2421 1152 2498 paratam
1175 2408 1213 2475 ad
1237 2407 1431 2497 beneplacita
1453 2407 1565 2474 volun-

298 2503 405 2559 tatem.
441 2495 526 2560 Cum
551 2518 618 2561 nou
641 2431 746 2561 solum
764 2519 837 2582 erga
861 2496 970 2564 iratres
986 2509 1126 2579 nostros,
1150 2497 1261 2585 quibus
1284 2497 1448 2584 proprium
1464 2493 1564 2561 filium

299 2579 330 2644 iu
354 2579 541 2669 obsequium
564 2581 744 2665 tradidistis,
767 2585 990 2650 verumetiam
1015 2608 1088 2672 erga
1111 2607 1238 2651 sorores
1262 2583 1354 2650 nobis
1378 2583 1565 2649 commissas

298 2664 470 2734 devotione
495 2671 689 2735 moveamini
713 2671 853 2756 speciali,
885 2673 928 2738 ita
950 2683 985 2738 ut
1012 2691 1176 2760 perspecta
1199 2670 1400 2738 multitudine
1427 2671 1564 2757 ipsarum

296 2754 330 2818 in
347 2755 582 2836 Wetdcrstede,
606 2780 667 2844 que
683 2759 735 2822 vix
758 2770 863 2844 potest
887 2759 1010 2825 claustri
1034 2757 1202 2844 parietibus
1226 2760 1392 2837 contineri,
1416 2755 1565 2844 delibera-

297 2842 417 2922 veritis,
447 2866 568 2908 novum
596 2842 728 2909 fundare
752 2847 997 2926 monasterium,
1026 2847 1146 2932 inquo
1174 2869 1244 2932 pars
1269 2842 1440 2911 earundem
1465 2845 1565 2930 possit

296 2927 499 2994 commodius
523 2931 618 3016 recipi
635 2949 666 2996 et
690 2931 884 3020 tranquillius
900 2932 1076 3019 gubernari,
1101 2956 1174 3019 egn,
1199 2934 1278 2999 sicut
1296 2931 1398 3012 decet,
1423 2943 1562 2997 vestrum

294 3027 438 3081 sanctum
474 3015 680 3100 desiderium,
712 3031 833 3086 rectum
868 3022 1052 3103 consilium,
1088 3044 1168 3108 opus
1205 3021 1320 3087 iustum
1355 3017 1564 3086 favorabiliter

294 3103 518 3190 prosequendo
543 3123 656 3172 tenore
685 3109 880 3193 presentium
909 3107 1025 3175 ordino
1050 3119 1080 3174 et
1104 3107 1266 3190 concedo,
1297 3119 1465 3196 quatenus,
1490 3131 1562 3172 cum
1658 3155 1661 3160 -

295 3193 399 3256 locum
430 3194 586 3280 preparari
616 3197 873 3281 procuraveritis,
905 3198 958 3286 qui
981 3199 1081 3284 possit
1112 3196 1262 3284 religioso
1291 3197 1457 3283 proposito
1487 3218 1563 3260 con·

293 3280 411 3362 venire,
435 3280 551 3370 aliquas
574 3305 702 3349 sorores
727 3307 799 3349 curn
824 3296 911 3372 parte
934 3287 1174 3372 possessionum
1197 3284 1236 3351 de
1260 3283 1403 3371 predicto
1427 3283 1562 3349 claustro

294 3366 518 3434 Werderstede
542 3368 681 3436 adhibito
705 3373 819 3457 prioris
844 3372 1114 3438 llalbersradensis
1139 3373 1273 3438 consilio
1296 3395 1410 3438 vocare
1435 3372 1561 3456 possitis

294 3464 325 3518 et
356 3453 473 3520 ibidem
502 3455 657 3522 collocate
687 3459 845 3544 perpetuis
874 3459 1070 3546 temporibus
1100 3457 1234 3524 domino
1263 3460 1441 3524 servituras.
1493 3458 1561 3523 Vos

292 3551 397 3606 autem
423 3566 460 3606 ex
484 3543 607 3629 speciali
633 3543 789 3610 beneficio
814 3569 1004 3612 concessum
1029 3546 1151 3626 ltabetc,
1175 3544 1260 3634 quod
1286 3547 1317 3610 in
1335 3547 1418 3611 curia
1436 3544 1560 3612 claustri

292 3629 493 3695 mansionem
510 3629 599 3695 vobis
616 3635 798 3718 preparetis,
822 3645 856 3700 ut
873 3657 911 3698 ex
933 3636 1040 3722 ymnis
1064 3633 1213 3719 angelicis
1231 3634 1412 3699 continuata
1434 3633 1561 3718 possitis

292 3713 406 3781 habere
422 3716 537 3782 solacia
553 3729 585 3784 et
607 3742 734 3786 sorores
752 3718 945 3787 defensionis
962 3741 1064 3787 vestre
1081 3719 1225 3786 subsidiis
1242 3719 1417 3788 foveantur.
1452 3721 1561 3785 Mane-

291 3799 361 3867 bitis
384 3822 505 3883 autem,
537 3806 562 3870 si
587 3805 702 3891 placet,
732 3807 815 3894 apud
839 3831 965 3874 sorores
989 3808 1163 3895 sepedictus
1187 3809 1220 3873 in
1244 3807 1349 3874 habitu
1373 3805 1487 3874 viduali
1510 3807 1560 3872 vel

290 3889 386 3954 etiam
410 3891 442 3955 in
467 3890 571 3958 habitu
597 3892 781 3980 beginarum
799 3919 871 3960 cum
896 3897 1000 3962 tunica
1018 3908 1049 3962 et
1072 3919 1123 3960 sca
1148 3895 1233 3976 ulari,
1258 3914 1300 3975 et,
1324 3893 1451 3982 quando
1469 3893 1560 3960 vobis

289 3976 390 4041 visum
416 3975 526 4060 luerit,
551 3980 583 4044 in
608 3981 677 4067 ipso
702 3981 838 4048 claustro
862 4006 954 4049 soror
979 3919 1152 4049 effectaclb
1181 3993 1281 4048 matre
1305 3983 1335 4047 in
1361 3981 1466 4048 habitu
1490 4004 1560 4046 mo-

289 4063 419 4130 nachali.
471 4065 544 4132 Sive
572 4079 677 4133 autem
708 4069 889 4156 religiosam
917 4073 1013 4136 vitam
1047 4069 1259 4158 profiteamini
1290 4071 1356 4134 sive
1384 4067 1459 4134 loris
1491 4071 1559 4134 sine

290 4149 483 4235 obligatione
506 4154 642 4240 qualibet
666 4159 829 4237 maneatis,
853 4181 911 4243 pro
929 4158 1048 4224 collatis
1073 4159 1103 4222 in
1129 4169 1273 4223 nostrum
1294 4155 1439 4222 ordinem
1463 4154 1558 4221 bene-

290 4235 368 4303 ficiis
392 4239 487 4326 digne
519 4241 743 4328 religiosorum
771 4245 891 4310 meritis
918 4243 1056 4331 gaudere
1086 4243 1205 4310 debetis
1237 4255 1269 4310 et
1297 4267 1314 4308 a
1343 4245 1425 4309 iusto
1456 4241 1558 4308 iudice

291 4325 465 4392 eorundem
496 4331 625 4414 premiis
654 4330 814 4396 honorati.
861 4334 1087 4418 Quapropter¹
1116 4333 1261 4397 omnium
1290 4330 1468 4410 bonorum,
1497 4353 1558 4416 que

290 4433 345 4497 per
368 4412 475 4480 fratres
499 4416 576 4482 milti
593 4419 784 4484 commissos
809 4430 840 4485 et
864 4442 991 4484 sorores
1008 4421 1040 4484 in
1086 4419 1226 4485 rovincia
1242 4417 1467 4484 Tlteutltonica
1489 4417 1557 4482 fieri

290 4497 411 4566 dederit
433 4514 541 4568 auctor
565 4503 725 4570 bonorum
751 4507 898 4571 omnium
914 4506 1022 4572 llresus
1040 4443 1194 4586 Clrristus‚
1218 4505 1309 4571 vobis
1332 4504 1557 4570 fraternitatem

291 4604 321 4651 ct
353 4591 614 4656 communionem
645 4591 770 4678 plenam
801 4592 946 4658 concedo
975 4595 1039 4660 vite
1068 4605 1172 4659 vestre
1199 4589 1396 4679 temporibus
1425 4602 1456 4656 et
1485 4603 1559 4677 post

290 4685 439 4741 mortem.
485 4677 586 4758 Quod
609 4681 719 4745 vestris
744 4678 963 4761 dilectricibus‚
991 4703 1067 4768 quas
1090 4681 1246 4768 propositi
1269 4680 1365 4747 vestri
1388 4676 1558 4744 habueritis

289 4761 468 4846 adiutrices,
503 4765 576 4831 duxi
608 4765 751 4834 similiter
780 4767 1035 4835 concedendum.
1086 4769 1187 4834 Porto
1218 4765 1306 4856 quod
1343 4765 1558 4854 supradictum

289 4860 336 4916 est
352 4849 391 4916 de
415 4851 575 4919 sororibus
592 4854 772 4936 evocandis,
796 4855 927 4942 intelligi
943 4855 1030 4937 vol0,
1054 4855 1151 4943 quod,
1175 4857 1201 4921 si
1217 4866 1304 4922 sexta
1320 4877 1389 4941 pars
1406 4866 1555 4919 sororum

341 4970 449 5023 sture,
468 4973 728 5022 uomtnralnerunere.
1413 4982 1438 5019 ¹⁰
