3828 5590
355 603 396 668 72
939 599 1034 654 Briefe.
1498 601 1520 670 J.
1543 615 1617 670 1270.

355 779 429 822 eum
451 778 507 843 per
530 755 646 822 litteras
673 754 837 823 scribentis
860 757 988 823 vicarias
1019 756 1181 843 parvulum
1205 778 1261 822 sue
1285 754 1473 822 devocionis
1503 778 1619 821 nrunus

354 841 514 909 oblaturus
530 841 664 924 accedit;
689 864 763 929 egre
786 842 900 924 ferens,
925 841 1011 932 quod
1028 844 1265 909 communicare
1281 841 1523 928 sollempnitatis
1541 865 1618 907 con·

354 931 455 996 sortio
479 952 551 996 cum
576 929 746 996 astantibus
763 928 905 996 finitimis
928 952 996 995 non
1013 929 1138 997 extdtat.
1169 930 1326 1010 Quamvis
1351 929 1437 996 enim
1461 930 1494 995 in
1509 952 1619 996 mensa

354 1014 493 1102 predicta
524 1028 610 1083 tanta
637 1018 836 1103 prerogativa
866 1015 1075 1084 misterialiter
1101 1016 1257 1104 gloriosa,
1286 1039 1382 1105 quant
1431 1039 1464 1082 er
1488 1018 1618 1083 circutu-

354 1105 482 1169 stantias
505 1102 645 1191 undique
668 1101 818 1190 splendor
841 1105 990 1190 copiosus
1014 1103 1158 1185 illustrat,
1189 1101 1385 1169 honorabilia
1408 1039 1491 1169 bona
1518 1104 1617 1170 scien-

353 1191 467 1256 tiarum
490 1212 549 1276 pro
574 1190 715 1277 epistolis
737 1201 935 1278 apponantur
959 1203 989 1257 et
1012 1189 1202 1257 sublimioris
1226 1189 1371 1258 doctrine
1393 1189 1505 1277 pabula
1527 1191 1617 1256 variis

306 1355 308 1360 ,
354 1296 532 1343 aromatum
548 1300 689 1364 respersa
704 1279 876 1365 pigmentis
900 1279 1060 1364 copiosius
1080 1279 1307 1358 ministrentur,
1330 1289 1396 1344 tam
1413 1279 1517 1364 exigui
1542 1276 1617 1343 doni

353 1365 561 1444 transmissio,
585 1387 646 1452 que
662 1386 777 1431 venam
798 1362 919 1431 redolet
935 1387 1116 1452 pauperem,
1140 1363 1256 1431 favoris
1271 1363 1400 1431 alicuius
1420 1365 1535 1430 mereri
1552 1387 1617 1429 nou

354 1449 494 1517 videatur
510 1451 686 1533 honorem3
710 1463 798 1518 tenet
813 1463 919 1518 tamen
938 1453 1091 1519 mittentis
1107 1450 1277 1518 indubitata
1293 1449 1417 1531 fiducia,
1434 1450 1521 1540 quod
1536 1451 1618 1538 apud

353 1538 439 1604 viros
471 1536 636 1604 celestibus
664 1537 758 1604 donis
789 1538 930 1624 preditos
961 1541 1026 1624 ejus
1050 1537 1216 1604 modicitas
1244 1536 1462 1604 modicitatem
1492 1539 1619 1604 enxenii

354 1622 587 1710 compensabit,
617 1623 704 1712 quod
736 1647 848 1690 eorum
879 1624 1022 1691 sensibus
1053 1624 1249 1712 gratitudinis
1281 1623 1409 1690 alicuius
1439 1623 1617 1710 placiditate

354 1709 526 1792 dulcescat,
563 1733 618 1797 per
652 1733 747 1798 quam
785 1710 941 1777 bonarum
984 1713 1139 1777 mentium
1180 1711 1388 1776 multitudinis
1424 1710 1619 1797 interpellata

353 1795 529 1882 benignitas
557 1797 640 1863 votis
665 1798 731 1863 eius
760 1795 950 1884 supplicibus
980 1796 1224 1863 condescendat.
1274 1797 1347 1862 Hoc
1377 1797 1473 1883 igitur
1503 1819 1520 1862 a
1549 1819 1619 1884 pre·

352 1885 464 1948 stantia
480 1895 582 1949 vestra
628 1905 707 1948 rona
729 1904 837 1949 mente
862 1882 995 1950 devotus
1019 1896 1133 1969 expeto
1149 1882 1393 1949 desiderabiliter
1417 1894 1448 1948 et
1472 1895 1617 1969 expect0,

352 1987 396 2049 ut,
420 1992 492 2034 cum
514 1971 576 2054 jam
600 1905 720 2035 dudum
743 1971 825 2036 inter
847 1970 1062 2036 tumultuosos
1084 1992 1267 2056 guerrarum
1290 1969 1415 2049 fluctus,
1439 1991 1500 2056 que
1520 1968 1617 2035 fidem

353 2054 484 2121 ecclesie
500 2078 598 2143 usque
614 2055 652 2121 ad
668 2059 823 2122 terminos
839 2058 1069 2142 suppressionis
1086 2054 1326 2142 adduxera(n)t,
1343 2078 1384 2121 ne
1400 2054 1617 2140 submergeret

352 2143 384 2205 in
407 2140 586 2226 procelloso
610 2141 772 2226 naufragio
796 2144 904 2227 patrie,
929 2166 981 2208 me
1004 2142 1127 2207 sustulit
1149 2141 1253 2207 divina
1277 2142 1443 2206 clementia
1467 2153 1615 2206 votorum

352 2226 481 2292 fratrum
505 2226 660 2312 suffragiis
684 2227 840 2307 inclinata,
864 2239 898 2294 ut
920 2228 957 2292 ad
982 2226 1170 2294 salutiferam
1191 2229 1296 2293 anime
1319 2228 1457 2315 quietem
1482 2225 1617 2292 adducar

352 2336 369 2378 a
401 2312 529 2400 pelago,
564 2312 652 2401 quod
687 2312 833 2380 nondum
865 2313 980 2380 sedatis
1018 2313 1162 2380 fluctibus
1203 2314 1402 2401 conquievit,
1436 2314 1616 2379 orationum

352 2419 531 2467 vestrorum
549 2424 601 2467 me
617 2400 814 2468 succursibus
833 2399 986 2468 adiuvetis
1002 2403 1096 2468 sacris
1113 2401 1232 2468 anhelis
1248 2399 1410 2468 desideriis
1427 2401 1616 2487 aspirantem

352 2487 390 2554 ad
413 2486 566 2556 felicitatis
589 2501 692 2556 vestre
715 2488 932 2578 tranquillum,
964 2490 1015 2555 ubi
1038 2488 1154 2556 stabilis
1178 2489 1269 2556 sedes
1292 2511 1351 2556 vos
1375 2490 1535 2570 continet,
1564 2490 1616 2576 qui

352 2575 524 2642 liberalium
555 2578 668 2644 artium
718 2576 865 2666 rivilegiis
895 2577 1067 2665 gloriantes
1102 2601 1214 2644 atttrena
1243 2577 1446 2644 scientiarum
1476 2578 1617 2664 pomeria

352 2663 454 2732 colitis
479 2685 509 2732 et
539 2688 574 2732 ea
601 2600 799 2753 precellentis
829 2663 973 2734 doctrine
1001 2665 1107 2734 rivulis
1135 2666 1282 2753 irrigatis,
1313 2676 1348 2732 ut
1377 2663 1469 2732 etad
1500 2663 1615 2732 florum

351 2750 551 2839 fragrantiam
569 2766 752 2820 concrescat
774 2753 977 2842 multiplicata
1001 2754 1150 2842 plantatio
1168 2765 1199 2821 et
1221 2752 1339 2820 fructus
1362 2751 1536 2840 producat²
1552 2751 1617 2820 dul-

352 2841 496 2906 cissintos
520 2841 716 2927 temporibus
740 2844 916 2928 oportunis.
964 2843 1129 2928 Deprecor
1157 2842 1251 2907 etiam
1275 2864 1350 2921 vos,
1379 2863 1460 2928 quos
1484 2839 1616 2906 munda·

351 2949 467 2992 norum
490 2927 627 3013 pericula
650 2950 717 2994 non
742 2927 923 3008 involvunt,
947 2931 1000 3028 qui
1024 2929 1135 2995 elevati
1158 2927 1321 2993 sublimius
1345 2929 1478 2993 ventatis
1502 2929 1616 2993 vacatis

350 3012 541 3100 aspectibus,
569 3015 621 3102 qui
646 3016 754 3101 spiritu
778 3013 872 3080 docte
896 3037 985 3081 vocas
1008 3013 1172 3082 vivificatis
1201 3015 1348 3080 scientias
1371 3015 1506 3080 aliorum
1534 3016 1616 3100 ipsas

351 3101 510 3167 mentibus
526 3102 712 3182 inserentes,
729 3100 816 3189 quod
833 3102 911 3167 mihi
929 3114 1089 3168 tantorum
1106 3101 1266 3168 bonorum
1283 3102 1405 3188 privato
1417 3098 1616 3186 compendiis

351 3210 467 3252 munus
490 3189 602 3253 intime
618 3189 849 3274 compassionis
873 3187 1039 3273 benignius
1056 3188 1221 3275 prebeatis,
1244 3211 1260 3254 a
1277 3187 1425 3274 largitore
1444 3209 1614 3253 inuuerum

352 3271 497 3340 devotius
521 3287 744 3360 exposcentes,
777 3273 864 3362 quod
887 3297 945 3361 pro
969 3275 1061 3340 bonis
1084 3277 1195 3342 vestris
1219 3272 1382 3361 predictis,
1406 3297 1467 3362 que
1491 3275 1523 3338 in
1547 3297 1616 3360 pre·

352 3361 434 3425 senti
463 3362 526 3426 vita
558 3363 763 3447 negotiorum
797 3359 927 3448 qualitas
956 3374 987 3427 et
1022 3362 1168 3426 locorum
1198 3383 1214 3426 a
1242 3359 1332 3427 vobis
1365 3359 1509 3426 distantia
1539 3360 1616 3424 ruihi

351 3444 466 3512 tollunt
497 3458 528 3512 et
557 3449 683 3513 siritus
722 3449 816 3514 etiam
854 3449 1012 3534 ipsorum,
1045 3461 1078 3513 ut
1114 3446 1250 3528 adsolet,
1289 3446 1433 3512 subducit
1471 3445 1616 3512 desiderii

352 3531 556 3617 magnitudo,
573 3470 702 3598 labores
725 3556 832 3612 meos,
885 3556 944 3598 uos
968 3557 1026 3618 pro
1050 3556 1109 3598 suo
1133 3535 1265 3598 nomine
1289 3556 1360 3598 sum
1391 3554 1556 3618 perpessus
1586 3545 1617 3600 et

352 3619 472 3702 patior,
503 3619 749 3685 misericorditer
772 3617 810 3684 ad
840 3555 946 3684 sailutis
976 3620 1110 3705 gloriam
1135 3619 1249 3684 habere
1281 3618 1429 3704 dignetur
1456 3629 1615 3704 acceptos.

352 3703 504 3769 Ceterum
535 3727 575 3770 ne
605 3705 695 3771 vobis
726 3707 758 3770 in
789 3704 889 3791 aliqua
921 3717 1006 3790 parte
1038 3706 1153 3771 utentis
1184 3728 1256 3770 mee
1286 3706 1448 3790 incognita
1481 3716 1617 3770 trauseat

351 3789 516 3871 habitudo,
545 3790 681 3858 eundem
706 3815 758 3858 me
781 3789 849 3856 fore
873 3793 987 3878 putetis
1011 3791 1050 3858 ad
1073 3813 1218 3878 presens,
1248 3815 1344 3879 quem
1368 3790 1457 3858 vobis
1482 3790 1558 3856 olim
1584 3792 1616 3855 in

351 3878 460 3963 spiritu
487 3877 622 3944 lenitatis
644 3877 769 3944 socialis
798 3879 912 3945 karitas
936 3878 1056 3945 ordinis
1080 3878 1246 3958 offerebat,
1275 3880 1354 3945 etsi
1378 3877 1510 3965 prelatio
1534 3901 1615 3958 mea,

351 3964 536 4052 inquietatio
553 3966 674 4051 pocius,
698 3965 775 4030 mihi
800 3963 942 4031 favorem
958 3965 1095 4066 aliquem
1116 3967 1308 4031 extrinsecus
1325 3965 1447 4031 adicere
1463 3963 1615 4044 videatur,

350 4049 562 4116 adiectionem
586 4053 686 4138 ipsam
716 4075 782 4116 non
806 4051 887 4117 aliud
913 4075 1057 4139 experior
1087 4075 1181 4140 quam
1204 4054 1381 4138 angustiam
1410 4064 1441 4118 et
1464 4050 1615 4130 laborem,

350 4138 409 4202 nisi
425 4139 570 4225 quatinus
587 4139 681 4220 iuvat,
705 4136 793 4226 quod
809 4138 924 4219 ordini,
948 4145 1058 4227 qrutm¹
1075 4140 1222 4206 existimo
1240 4139 1479 4226 promotionem
1496 4161 1614 4218 verant,

350 4225 519 4306 ascribam,
548 4223 695 4314 quicquid
719 4250 806 4307 sum,
837 4239 869 4292 et
892 4224 930 4292 ad
954 4229 1050 4314 ipsius
1073 4226 1214 4294 favorem
1239 4225 1438 4308 transferam,
1466 4223 1615 4314 quicquid

350 4335 493 4399 possum.

458 4499 464 4527 ¹
484 4490 521 4544 So
541 4490 591 4543 HS.
666 4497 677 4527 ²
695 4491 820 4560 perducat
839 4489 890 4543 llS.

455 4680 511 4734 Fol.
533 4697 554 4750 3.
592 4681 713 4734 Thomas
732 4683 804 4753 Agni
823 4683 856 4735 de
875 4683 1002 4748 Lentino,
1022 4681 1125 4748 wurde,
1148 4681 1279 4736 uachderu
1299 4700 1327 4735 er
1346 4683 1567 4754 Proviuzialprior
1591 4685 1615 4736 iu

349 4767 466 4821 'l'uscien
484 4784 627 4838 gewesen,
657 4784 720 4836 1255
742 4769 855 4823 Bischof
875 4786 929 4823 von
949 4770 1121 4836 bethlehem,
1148 4769 1213 4838 1267
1232 4770 1391 4823 Erzbischof
1411 4787 1465 4824 vou
1484 4771 1616 4834 Kosenza,

353 4869 416 4922 1273
437 4855 571 4908 Patriarch
597 4871 648 4907 vota
668 4856 828 4924 Jerusalem,
855 4857 925 4908 starb
951 4871 1025 4923 ¹277·
1064 4856 1147 4908 Unter
1173 4857 1265 4908 seiueu
1284 4855 1417 4908 Schriften
1439 4857 1506 4910 wird
1530 4856 1616 4910 dieser
