3822 5592
302 629 325 698 J.
347 643 422 700 1291.
889 626 983 681 Briese.
1510 631 1570 696 159

304 809 371 852 non
388 785 524 851 haberet.
558 783 708 852 Ceterum
722 781 882 851 decernite
898 785 1064 864 iusticiam,
1087 785 1140 872 qui
1156 782 1298 851 iudicatis
1314 796 1440 865 terram,
1464 796 1568 852 utrtnn
1606 819 1608 824 ·

303 873 424 958 possim
453 882 560 958 petere
584 872 758 956 impensas,
787 871 840 958 qui
863 889 994 937 vocatus
1024 893 1041 935 a
1069 869 1203 936 domino
1232 874 1330 959 papa¹
1361 871 1403 937 ivi
1431 872 1570 939 Romam

304 961 417 1025 iterum
446 957 585 1044 crucifigi
612 980 680 1024 non
711 957 791 1022 meis
820 955 982 1024 demeritis
1013 970 1062 1024 set
1089 956 1221 1024 aliorum
1253 959 1407 1046 particeps
1435 957 1567 1040 futurus,

303 1045 355 1132 qui
388 1056 423 1111 ut
457 1067 581 1110 causant
616 1067 682 1110 non
715 1067 842 1109 causam
874 1043 1025 1111 habentes
1058 1043 1128 1110 illuc
1162 1043 1201 1110 de
1236 1044 1366 1130 singulis
1398 1046 1569 1132 provinciis

302 1142 512 1198 accesserunt.
558 1131 683 1198 Horum
707 1131 804 1217 gratia
829 1155 928 1220 usqne
952 1130 990 1198 ad
1014 1143 1153 1197 mortem
1177 1130 1367 1219 periclitatus
1391 1155 1473 1212 sum,
1495 1131 1569 1199 licet

304 1219 438 1286 lavarem
462 1220 543 1285 inter
566 1219 754 1284 innocentes
777 1241 890 1284 manus
906 1241 993 1285 ineas
1016 1241 1110 1306 super
1133 1218 1205 1298 hoc,
1229 1217 1316 1307 quod
1339 1218 1465 1307 papales
1489 1243 1570 1286 nun-

301 1308 364 1372 tios
387 1307 451 1372 suis
474 1304 613 1392 epistolis
637 1328 704 1371 non
727 1306 855 1392 privavi.
890 1307 923 1370 Si
947 1328 1055 1392 preces
1080 1329 1097 1371 e
1120 1306 1215 1371 nitate
1239 1329 1306 1371 non
1330 1308 1482 1386 nituntur,
1508 1330 1567 1373 nec

303 1413 378 1480 peto
410 1417 469 1458 nec
500 1403 620 1480 repeto,
675 1392 730 1458 Set
762 1393 828 1459 iure
861 1393 1027 1459 communi
1059 1329 1190 1458 ecilesie
1221 1393 1400 1474 canonicis,
1437 1393 1570 1460 cenobia

303 1479 468 1547 monachis
480 1477 519 1545 ad
533 1480 649 1545 curiam
663 1478 850 1566 profecturis
866 1491 1014 1545 tenentur
1030 1481 1061 1545 in
1075 1478 1251 1566 sumptibus
1267 1478 1444 1566 providere.
1469 1479 1569 1560 Quod

302 1568 328 1632 si
352 1591 418 1633 non
434 1566 599 1653 recipiatur
621 1567 811 1653 parangariis
828 1565 1043 1654 corporalibus
1068 1586 1098 1632 et
1121 1567 1255 1654 angariis
1274 1565 1406 1633 realibus
1422 1580 1569 1635 vacuatus

301 1653 340 1721 ad
364 1655 492 1742 negotia
514 1651 626 1740 similia
649 1653 699 1720 vel
722 1651 884 1718 dissimilia
906 1655 1042 1740 reperiar
1066 1653 1234 1720 indevotus
1260 1706 1266 1718 .
1293 1706 1299 1718 .
1326 1706 1332 1719 .
1358 1655 1387 1718 V
1390 1653 1479 1720 alete.

412 1835 418 1865 ¹
438 1845 535 1899 papam
553 1828 605 1881 HS.

409 1985 563 2055 Fol.187v.
592 1985 643 2038 Die
659 1985 807 2054 Datierung
826 1986 859 2038 ist
878 1984 950 2038 nicht
970 1985 1059 2039 leicltt.
1090 1986 1145 2038 Der
1164 1986 1270 2039 schwer
1289 1986 1484 2040 tetstatndliche
1498 1985 1574 2039 Bries

301 2073 370 2127 rnuss
390 2073 458 2126 nach
477 2071 523 2126 der
543 2071 745 2142 Niederlegung
765 2071 811 2124 des
827 2073 1033 2125 l’rovinzialates
1052 2072 1135 2125 durch
1154 2073 1289 2126 llennann
1310 2073 1485 2144 geschrieben
1504 2074 1569 2138 sein,

302 2161 386 2214 schon
405 2161 492 2213 seiner
506 2158 628 2228 Stellung
647 2159 724 2224 nach,
744 2158 813 2211 tlann
833 2159 894 2212 weil
915 2159 956 2212 die
976 2159 1165 2230 Bezeichnung
1184 2161 1351 2230 provincialis
1372 2160 1437 2213 fehlt
1456 2157 1509 2212 und
1528 2157 1570 2212 die

302 2247 383 2302 Stelle
409 2248 473 2301 iiber
497 2246 538 2300 die
562 2247 703 2300 llotnreise
727 2247 774 2300 aul
795 2247 837 2300 die
856 2247 1040 2300 Verhtiltnisse
1064 2246 1105 2300 bei
1129 2247 1175 2300 der
1194 2247 1361 2319 Abdanlrung
1379 2249 1485 2302 lllnnios
1511 2247 1569 2300 hin-

303 2337 412 2390 weisen.
453 2325 525 2389 Uber
550 2333 592 2387 die
616 2333 805 2404 Entuendung
829 2335 990 2405 ptpstlicher
1014 2335 1101 2388 Eriese
1127 2335 1179 2388 und
1204 2337 1268 2388 taber
1292 2335 1343 2389 den
1368 2335 1472 2389 Besuch
1496 2336 1570 2390 eines

303 2429 410 2496 spitern
423 2422 543 2495 llapitels
557 2424 589 2476 ist
608 2421 694 2476 nichts
708 2422 831 2476 bekannt.
860 2421 934 2476 Oder
952 2421 1018 2492 liegt
1032 2423 1057 2475 in
1077 2422 1138 2476 dent
1158 2432 1245 2477 ersten
1260 2425 1344 2490 Satze,
1365 2423 1421 2477 dass
1434 2424 1570 2476 Hermann

301 2511 384 2565 selbst
404 2530 447 2564 arn
467 2511 570 2564 Besuch
590 2511 663 2564 eines
682 2509 910 2581 Generalkapitels
930 2510 1082 2563 verhindert
1101 2512 1174 2564 nar?

912 2715 979 2785 lta.

410 2858 470 2922 Dic
495 2858 679 2922 Sclawrstrrn
703 2878 761 2920 oon
786 2856 916 2920 Kulmnr
939 2856 1100 2942 lugrilssrn
1125 2856 1181 2918 cleu
1205 2877 1299 2918 uerrru
1327 2853 1572 2940 Orclenrgenrrul

302 2941 482 3032 (Stephon),
511 2941 641 3030 erhoffen
668 2944 768 3006 scirtari
796 2941 913 3006 Bestrch
942 2942 1006 3006 and
1036 2940 1204 3029 eupseblen
1233 2941 1294 3006 ilani
1322 2941 1485 3006 Hermann
1512 2963 1571 3006 von

302 3030 439 3110 ildindrn,
463 3029 516 3094 der
539 3031 594 3094 mit
617 3029 678 3094 ihm
703 3031 766 3093 einr
781 3028 1017 3115 Angelegrnheit
1040 3028 1118 3094 ihrer
1135 3027 1268 3094 Klosttrs
1291 3027 1479 3094 vcrlrntulelo
1501 3027 1569 3093 soll.

302 3115 448 3204 (Antang
472 3115 582 3206 1294.)

407 3220 603 3288 Venerabilis
620 3239 679 3287 etc.
714 3221 848 3288 Sorores
866 3219 1134 3289 Colutnbarenses
1152 3222 1304 3309 magistro
1322 3220 1452 3288 ordinis.
1486 3222 1570 3288 Cum

303 3309 466 3377 reverendi
488 3311 583 3398 patris
607 3310 748 3396 magistri
765 3307 928 3398 quondam
953 3309 1073 3376 ordinis
1090 3309 1258 3376 Hnmberti
1282 3311 1456 3391 veritatem,
1482 3332 1571 3375 rnan·

300 3396 502 3464 suetudinem
526 3409 557 3464 et
580 3397 734 3463 iusticiam
758 3394 963 3463 recordamur
987 3409 1018 3464 et
1041 3409 1170 3484 paterne
1195 3397 1333 3480 dextere,
1357 3421 1417 3486 qna
1442 3395 1569 3464 deduxit

303 3483 493 3550 laudabiliter
523 3483 670 3550 ordinem
704 3503 735 3549 et
768 3483 894 3565 direxit,
925 3507 1048 3585 nosque
1080 3484 1214 3550 humiles
1244 3508 1410 3551 servorum
1439 3507 1570 3550 suorum

301 3571 427 3637 ancillas
460 3571 539 3637 fovit
569 3569 770 3658 benignitatis
799 3595 854 3636 sue
887 3570 1040 3657 presidro,
1072 3570 1203 3637 redivivi
1232 3572 1382 3637 nimirum
1414 3573 1447 3636 in
1478 3569 1570 3636 nobis

301 3659 439 3743 gemitus
467 3659 655 3724 suscitantur
682 3658 878 3745 cupientibus
903 3657 959 3723 sub
985 3657 1093 3724 urnbra
1123 3659 1202 3725 illius
1227 3659 1257 3722 in
1282 3658 1429 3745 gentibus
1452 3659 1568 3738 vivere,

300 3747 327 3810 si
357 3757 466 3812 auctor
488 3747 552 3812 vite
580 3745 747 3826 voluisset,
776 3747 878 3832 ipsum
909 3744 1029 3811 diucius
1053 3747 1097 3811 sic
1126 3769 1265 3812 rnanere.
1312 3747 1366 3812 Set
1395 3747 1456 3811 iarn
1485 3763 1570 3831 grata

302 3831 393 3898 nobis
417 3834 516 3899 arrisit
540 3835 776 3921 cornpensaci0,
801 3857 872 3898 cum
890 3856 983 3920 super
1008 3857 1068 3899 nos
1088 3846 1118 3900 et
1135 3856 1228 3920 super
1252 3858 1286 3900 se
1303 3835 1388 3921 ipsos
1411 3833 1570 3900 invocavit

302 3921 485 3986 universitas
502 3919 739 3987 Predicatorum
764 3944 885 3987 nornen
902 3933 1053 4002 vestrum,
1077 3920 1164 4010 quod
1187 3923 1426 4008 interpretatum
1444 3922 1476 3987 in
1500 3921 1569 4008 ipso

302 4007 464 4074 electionis
494 4031 549 4074 aits
574 4009 634 4074 icio
666 4032 812 4075 nonnam
868 4009 972 4075 retulit
1003 4022 1033 4076 et
1068 4033 1238 4091 coronam,
1271 4033 1406 4098 quorum
1438 4008 1570 4074 alterurn

301 4094 488 4162 subiectioni
505 4031 626 4176 rnihtat,
643 4095 775 4162 alterurn
791 4031 962 4184 prelbcioni
975 4121 1041 4162 non
1053 4097 1214 4186 inproprie
1230 4121 1264 4163 se
1274 4108 1407 4184 coaptat.
1432 4093 1569 4162 Proinde

303 4207 374 4248 cum
398 4182 515 4248 auditui
539 4195 651 4248 nostro
668 4183 793 4250 daretur
816 4183 965 4270 gaudium
987 4203 1017 4250 et
1042 4183 1154 4264 leticia,
1179 4208 1219 4250 eo
1243 4183 1330 4272 quod
1354 4185 1384 4249 in
1402 4181 1569 4248 Theutho·

302 4271 386 4334 niam
409 4271 573 4335 transitum
591 4271 723 4422 paretis,
748 4272 779 4335 in
796 4294 964 4336 occursum
988 4273 1083 4356 patris
1100 4272 1190 4336 alacri
1215 4293 1421 4358 properamus
1445 4269 1569 4348 affectu,

303 4355 461 4421 tenacibus
477 4356 567 4422 vobis
613 4356 822 4422 esideriorunr
847 4357 990 4423 manibus
1012 4358 1204 4440 inherentes,
1229 4357 1333 4423 donec
1357 4355 1449 4422 nobis
1466 4354 1569 4421 donti-

303 4467 362 4508 nus
392 4441 430 4508 ad
452 4453 593 4509 restrum
622 4445 787 4510 introitum
805 4443 982 4510 vbenedicat
1011 4457 1041 4510 et
1070 4457 1228 4530 oportuna
1256 4443 1370 4510 solacia
1401 4443 1569 4529 capiamus,

303 4553 363 4680 lue
392 4529 581 4615 regularibus
605 4530 811 4616 professionis
843 4533 1000 4617 pascimur
1034 4533 1064 4596 in
1097 4530 1246 4597 cathenis.
1293 4531 1358 4596 Iam
1383 4553 1481 4595 nemo
1509 4551 1570 4593 nos

304 4617 462 4701 respiciat,
487 4640 583 4682 nemo
608 4616 761 4682 molestus
785 4616 854 4697 fiat,
885 4642 944 4684 nec
969 4619 1129 4703 agnicioni
1154 4636 1263 4684 mutue
1288 4618 1430 4682 curiosus
1454 4639 1488 4681 se
1512 4615 1570 4679 irn-

304 4703 433 4768 misceat
461 4702 655 4802 explorator,
688 4716 740 4768 aut
774 4703 896 4770 emulus
930 4703 1068 4770 invideat
1097 4703 1251 4790 dignitati.
1304 4704 1374 4769 Nos
1402 4703 1570 4767 memorati

304 4790 397 4874 patris
414 4787 561 4855 derehcta
584 4789 709 4870 lanulia,
737 4814 798 4856 nos
821 4791 1002 4878 adoptionis
1020 4790 1214 4878 compendio
1238 4789 1343 4877 proles
1366 4807 1484 4871 uestra,
1508 4787 1571 4853 filie

302 4877 397 4962 igitur
420 4875 459 4942 de
491 4875 587 4963 longe
617 4879 760 4958 veniant,
794 4877 856 4944 filie
881 4878 919 4944 de
944 4879 1039 4946 latere
1069 4890 1213 4965 stngant:
1244 4877 1342 4944 rnulte
1375 4893 1571 4962 congregant
