<?xml version="1.0" encoding="UTF-8"?>
<!DOCTYPE html PUBLIC "-//W3C//DTD XHTML 1.0 Transitional//EN"
    "http://www.w3.org/TR/xhtml1/DTD/xhtml1-transitional.dtd">
<html xmlns="http://www.w3.org/1999/xhtml" xml:lang="en" lang="en">
 <head>
  <title>
</title>
<meta http-equiv="Content-Type" content="text/html;charset=utf-8" />
  <meta name='ocr-system' content='tesseract 3.04.00' />
  <meta name='ocr-capabilities' content='ocr_page ocr_carea ocr_par ocr_line ocrx_word'/>
</head>
<body>
  <div class='ocr_page' id='page_1' title='image "./ungedrucktedomi00finkgoog_0181.png"; bbox 0 0 3822 5592; ppageno 0'>
   <div class='ocr_carea' id='block_1_1' title="bbox 351 610 1611 697">
    <p class='ocr_par' dir='ltr' id='par_1_1' title="bbox 351 610 1611 697">
     <span class='ocr_line' id='line_1_1' title="bbox 351 610 1611 697; baseline 0.006 -23"><span class='ocrx_word' id='word_1_1' title='bbox 351 610 410 675; x_wconf 87' lang='lat'>168</span> <span class='ocrx_word' id='word_1_2' title='bbox 932 624 1025 680; x_wconf 84' lang='lat' dir='ltr'>Briese.</span> <span class='ocrx_word' id='word_1_3' title='bbox 1492 626 1513 697; x_wconf 87' lang='lat' dir='ltr'>J.</span> <span class='ocrx_word' id='word_1_4' title='bbox 1536 641 1611 696; x_wconf 85' lang='lat'><strong>¹²94·</strong></span> 
     </span>
    </p>
   </div>
   <div class='ocr_carea' id='block_1_2' title="bbox 345 781 1694 1647">
    <p class='ocr_par' dir='ltr' id='par_1_2' title="bbox 345 781 1694 1647">
     <span class='ocr_line' id='line_1_2' title="bbox 347 781 1610 871; baseline -0.001 -20"><span class='ocrx_word' id='word_1_5' title='bbox 347 784 538 851; x_wconf 81' lang='lat' dir='ltr'>cessantibus</span> <span class='ocrx_word' id='word_1_6' title='bbox 553 782 814 850; x_wconf 59' lang='lat' dir='ltr'>valtercationibus</span> <span class='ocrx_word' id='word_1_7' title='bbox 831 794 862 849; x_wconf 91' lang='lat' dir='ltr'>et</span> <span class='ocrx_word' id='word_1_8' title='bbox 881 781 1169 870; x_wconf 81' lang='lat' dir='ltr'>disceptationibus,</span> <span class='ocrx_word' id='word_1_9' title='bbox 1193 806 1254 871; x_wconf 91' lang='lat' dir='ltr'>que</span> <span class='ocrx_word' id='word_1_10' title='bbox 1277 795 1409 870; x_wconf 86' lang='lat' dir='ltr'>possent</span> <span class='ocrx_word' id='word_1_11' title='bbox 1426 805 1556 869; x_wconf 85' lang='lat' dir='ltr'>vergere</span> <span class='ocrx_word' id='word_1_12' title='bbox 1578 785 1610 850; x_wconf 91' lang='lat' dir='ltr'>in</span> 
     </span>
     <span class='ocr_line' id='line_1_3' title="bbox 345 868 1611 958; baseline 0 -21"><span class='ocrx_word' id='word_1_13' title='bbox 345 869 526 938; x_wconf 84' lang='lat' dir='ltr'>scandalum</span> <span class='ocrx_word' id='word_1_14' title='bbox 543 869 739 958; x_wconf 89' lang='lat' dir='ltr'>pusillorum,</span> <span class='ocrx_word' id='word_1_15' title='bbox 761 891 823 956; x_wconf 86' lang='lat' dir='ltr'>ego</span> <span class='ocrx_word' id='word_1_16' title='bbox 847 891 905 956; x_wconf 95' lang='lat' dir='ltr'>pro</span> <span class='ocrx_word' id='word_1_17' title='bbox 923 872 1002 935; x_wconf 90' lang='lat' dir='ltr'>meis</span> <span class='ocrx_word' id='word_1_18' title='bbox 1024 868 1167 936; x_wconf 79' lang='lat' dir='ltr'>frutribus</span> <span class='ocrx_word' id='word_1_19' title='bbox 1183 871 1291 936; x_wconf 91' lang='lat' dir='ltr'>censui</span> <span class='ocrx_word' id='word_1_20' title='bbox 1307 869 1497 951; x_wconf 85' lang='lat' dir='ltr'>faciendum,</span> <span class='ocrx_word' id='word_1_21' title='bbox 1521 882 1554 937; x_wconf 93' lang='lat' dir='ltr'>ut</span> <span class='ocrx_word' id='word_1_22' title='bbox 1572 871 1611 938; x_wconf 84' lang='lat' dir='ltr'>ad</span> 
     </span>
     <span class='ocr_line' id='line_1_4' title="bbox 346 957 1610 1045; baseline 0 -21"><span class='ocrx_word' id='word_1_23' title='bbox 346 957 547 1045; x_wconf 84' lang='lat' dir='ltr'>benignitatis</span> <span class='ocrx_word' id='word_1_24' title='bbox 569 969 673 1024; x_wconf 86' lang='lat' dir='ltr'>vestre</span> <span class='ocrx_word' id='word_1_25' title='bbox 696 957 801 1023; x_wconf 91' lang='lat' dir='ltr'>sinum</span> <span class='ocrx_word' id='word_1_26' title='bbox 831 979 1025 1023; x_wconf 79' lang='lat' dir='ltr'>recurrerent</span> <span class='ocrx_word' id='word_1_27' title='bbox 1054 975 1084 1022; x_wconf 91' lang='lat' dir='ltr'>et</span> <span class='ocrx_word' id='word_1_28' title='bbox 1106 968 1211 1024; x_wconf 86' lang='lat' dir='ltr'>vestre</span> <span class='ocrx_word' id='word_1_29' title='bbox 1238 959 1415 1024; x_wconf 84' lang='lat' dir='ltr'>serenitatis</span> <span class='ocrx_word' id='word_1_30' title='bbox 1438 958 1610 1045; x_wconf 84' lang='lat' dir='ltr'>auspicium</span> 
     </span>
     <span class='ocr_line' id='line_1_5' title="bbox 347 1041 1611 1145; baseline 0 -35"><span class='ocrx_word' id='word_1_31' title='bbox 347 1063 572 1145; x_wconf 85' lang='lat' dir='ltr'>exspectarem.</span> <span class='ocrx_word' id='word_1_32' title='bbox 623 1044 656 1108; x_wconf 89' lang='lat' dir='ltr'>Si</span> <span class='ocrx_word' id='word_1_33' title='bbox 684 1044 769 1109; x_wconf 91' lang='lat' dir='ltr'>enim</span> <span class='ocrx_word' id='word_1_34' title='bbox 798 1041 901 1109; x_wconf 81' lang='lat' dir='ltr'>valere</span> <span class='ocrx_word' id='word_1_35' title='bbox 930 1042 1022 1122; x_wconf 83' lang='lat' dir='ltr'>nobis</span> <span class='ocrx_word' id='word_1_36' title='bbox 1050 1066 1117 1109; x_wconf 91' lang='lat' dir='ltr'>non</span> <span class='ocrx_word' id='word_1_37' title='bbox 1145 1044 1284 1130; x_wconf 89' lang='lat' dir='ltr'>potuerit</span> <span class='ocrx_word' id='word_1_38' title='bbox 1310 1044 1344 1108; x_wconf 89' lang='lat' dir='ltr'>in</span> <span class='ocrx_word' id='word_1_39' title='bbox 1373 1045 1496 1110; x_wconf 88' lang='lat' dir='ltr'>civitate</span> <span class='ocrx_word' id='word_1_40' title='bbox 1525 1047 1611 1130; x_wconf 82' lang='lat' dir='ltr'>regio</span> 
     </span>
     <span class='ocr_line' id='line_1_6' title="bbox 346 1129 1611 1230; baseline 0 -34"><span class='ocrx_word' id='word_1_41' title='bbox 346 1154 429 1217; x_wconf 75' lang='lat' dir='ltr'>regis</span> <span class='ocrx_word' id='word_1_42' title='bbox 453 1131 580 1217; x_wconf 89' lang='lat' dir='ltr'>positio,</span> <span class='ocrx_word' id='word_1_43' title='bbox 612 1131 638 1195; x_wconf 93' lang='lat' dir='ltr'>si</span> <span class='ocrx_word' id='word_1_44' title='bbox 661 1129 769 1217; x_wconf 90' lang='lat' dir='ltr'>populi</span> <span class='ocrx_word' id='word_1_45' title='bbox 793 1131 935 1196; x_wconf 86' lang='lat' dir='ltr'>vocantis</span> <span class='ocrx_word' id='word_1_46' title='bbox 958 1131 1132 1230; x_wconf 84' lang='lat' dir='ltr'>requisitio,</span> <span class='ocrx_word' id='word_1_47' title='bbox 1160 1131 1186 1195; x_wconf 96' lang='lat' dir='ltr'>si</span> <span class='ocrx_word' id='word_1_48' title='bbox 1210 1153 1303 1217; x_wconf 90' lang='lat' dir='ltr'>super</span> <span class='ocrx_word' id='word_1_49' title='bbox 1327 1129 1449 1197; x_wconf 84' lang='lat' dir='ltr'>afflictis</span> <span class='ocrx_word' id='word_1_50' title='bbox 1473 1153 1531 1230; x_wconf 93' lang='lat' dir='ltr'>pro</span> <span class='ocrx_word' id='word_1_51' title='bbox 1558 1153 1611 1196; x_wconf 90' lang='lat' dir='ltr'>ere</span> 
     </span>
     <span class='ocr_line' id='line_1_7' title="bbox 346 1214 1610 1303; baseline 0 -21"><span class='ocrx_word' id='word_1_52' title='bbox 346 1217 449 1282; x_wconf 84' lang='lat' dir='ltr'>alieno</span> <span class='ocrx_word' id='word_1_53' title='bbox 467 1217 647 1296; x_wconf 89' lang='lat' dir='ltr'>concussio,</span> <span class='ocrx_word' id='word_1_54' title='bbox 670 1217 694 1280; x_wconf 92' lang='lat' dir='ltr'>si</span> <span class='ocrx_word' id='word_1_55' title='bbox 719 1238 785 1281; x_wconf 93' lang='lat' dir='ltr'>non</span> <span class='ocrx_word' id='word_1_56' title='bbox 803 1214 933 1282; x_wconf 89' lang='lat' dir='ltr'>debetur</span> <span class='ocrx_word' id='word_1_57' title='bbox 957 1215 1011 1281; x_wconf 80' lang='lat' dir='ltr'>lesi</span> <span class='ocrx_word' id='word_1_58' title='bbox 1035 1215 1188 1302; x_wconf 87' lang='lat' dir='ltr'>privilegii</span> <span class='ocrx_word' id='word_1_59' title='bbox 1204 1218 1440 1303; x_wconf 72' lang='lat' dir='ltr'>compensatio&#39;</span> <span class='ocrx_word' id='word_1_60' title='bbox 1459 1219 1610 1282; x_wconf 77' lang='lat' dir='ltr'>sicuritas</span> 
     </span>
     <span class='ocr_line' id='line_1_8' title="bbox 347 1300 1610 1390; baseline -0.001 -21"><span class='ocrx_word' id='word_1_61' title='bbox 347 1302 471 1382; x_wconf 86' lang='lat' dir='ltr'>excidit,</span> <span class='ocrx_word' id='word_1_62' title='bbox 495 1300 574 1368; x_wconf 88' lang='lat' dir='ltr'>fides</span> <span class='ocrx_word' id='word_1_63' title='bbox 597 1300 713 1380; x_wconf 86' lang='lat' dir='ltr'>deficit,</span> <span class='ocrx_word' id='word_1_64' title='bbox 737 1324 809 1388; x_wconf 89' lang='lat' dir='ltr'>spes</span> <span class='ocrx_word' id='word_1_65' title='bbox 832 1300 1007 1382; x_wconf 87' lang='lat' dir='ltr'>confundit,</span> <span class='ocrx_word' id='word_1_66' title='bbox 1031 1323 1095 1388; x_wconf 94' lang='lat' dir='ltr'>quo</span> <span class='ocrx_word' id='word_1_67' title='bbox 1119 1300 1252 1367; x_wconf 88' lang='lat' dir='ltr'>ibimus?</span> <span class='ocrx_word' id='word_1_68' title='bbox 1275 1301 1328 1368; x_wconf 92' lang='lat' dir='ltr'>ubi</span> <span class='ocrx_word' id='word_1_69' title='bbox 1350 1304 1518 1369; x_wconf 87' lang='lat' dir='ltr'>sistemus?</span> <span class='ocrx_word' id='word_1_70' title='bbox 1546 1325 1610 1390; x_wconf 94' lang='lat' dir='ltr'>quo</span> 
     </span>
     <span class='ocr_line' id='line_1_9' title="bbox 347 1385 1611 1469; baseline -0.002 -14"><span class='ocrx_word' id='word_1_71' title='bbox 347 1387 593 1456; x_wconf 84' lang='lat' dir='ltr'>declinabimus?</span> <span class='ocrx_word' id='word_1_72' title='bbox 638 1387 710 1454; x_wconf 91' lang='lat' dir='ltr'>Hoc</span> <span class='ocrx_word' id='word_1_73' title='bbox 738 1387 842 1454; x_wconf 87' lang='lat' dir='ltr'>solum</span> <span class='ocrx_word' id='word_1_74' title='bbox 874 1385 1025 1454; x_wconf 85' lang='lat' dir='ltr'>habemus</span> <span class='ocrx_word' id='word_1_75' title='bbox 1048 1387 1179 1468; x_wconf 89' lang='lat' dir='ltr'>residui,</span> <span class='ocrx_word' id='word_1_76' title='bbox 1211 1400 1246 1454; x_wconf 88' lang='lat' dir='ltr'>ut</span> <span class='ocrx_word' id='word_1_77' title='bbox 1268 1386 1306 1454; x_wconf 83' lang='lat' dir='ltr'>ad</span> <span class='ocrx_word' id='word_1_78' title='bbox 1331 1410 1420 1469; x_wconf 89' lang='lat' dir='ltr'>eum,</span> <span class='ocrx_word' id='word_1_79' title='bbox 1453 1391 1540 1455; x_wconf 90' lang='lat' dir='ltr'>cuius</span> <span class='ocrx_word' id='word_1_80' title='bbox 1564 1400 1611 1454; x_wconf 93' lang='lat' dir='ltr'>est</span> 
     </span>
     <span class='ocr_line' id='line_1_10' title="bbox 346 1473 1611 1562; baseline -0.002 -19"><span class='ocrx_word' id='word_1_81' title='bbox 346 1496 427 1543; x_wconf 81' lang='lat' dir='ltr'>terra</span> <span class='ocrx_word' id='word_1_82' title='bbox 452 1486 483 1542; x_wconf 88' lang='lat' dir='ltr'>et</span> <span class='ocrx_word' id='word_1_83' title='bbox 505 1473 669 1562; x_wconf 89' lang='lat' dir='ltr'>plenitudo</span> <span class='ocrx_word' id='word_1_84' title='bbox 694 1475 771 1555; x_wconf 92' lang='lat' dir='ltr'>eius,</span> <span class='ocrx_word' id='word_1_85' title='bbox 796 1473 906 1540; x_wconf 91' lang='lat' dir='ltr'>oculos</span> <span class='ocrx_word' id='word_1_86' title='bbox 931 1473 1111 1560; x_wconf 83' lang='lat' dir='ltr'>dirigamus.</span> <span class='ocrx_word' id='word_1_87' title='bbox 1157 1474 1291 1561; x_wconf 88' lang='lat' dir='ltr'>Semper</span> <span class='ocrx_word' id='word_1_88' title='bbox 1313 1476 1418 1560; x_wconf 79' lang='lat' dir='ltr'>vigeat</span> <span class='ocrx_word' id='word_1_89' title='bbox 1446 1488 1477 1542; x_wconf 89' lang='lat' dir='ltr'>et</span> <span class='ocrx_word' id='word_1_90' title='bbox 1500 1474 1611 1541; x_wconf 87' lang='lat' dir='ltr'>floreat</span> 
     </span>
     <span class='ocr_line' id='line_1_11' title="bbox 346 1559 1694 1647; baseline -0.006 -19"><span class='ocrx_word' id='word_1_91' title='bbox 346 1575 448 1630; x_wconf 85' lang='lat' dir='ltr'>vestro</span> <span class='ocrx_word' id='word_1_92' title='bbox 472 1559 712 1647; x_wconf 84' lang='lat' dir='ltr'>magnificencia</span> <span class='ocrx_word' id='word_1_93' title='bbox 735 1561 881 1646; x_wconf 85' lang='lat' dir='ltr'>gratiosa.</span> <span class='ocrx_word' id='word_1_94' title='bbox 1692 1573 1694 1578; x_wconf 77' lang='grc'>’</span> 
     </span>
    </p>
   </div>
   <div class='ocr_carea' id='block_1_3' title="bbox 346 1686 662 1696">
    <p class='ocr_par' dir='ltr' id='par_1_3' title="bbox 346 1686 662 1696">
     <span class='ocr_line' id='line_1_12' title="bbox 346 1686 662 1696; baseline -0.009 0"><span class='ocrx_word' id='word_1_95' title='bbox 346 1687 516 1696; x_wconf 55' lang='lat' dir='ltr'>--u-—uo--m</span> <span class='ocrx_word' id='word_1_96' title='bbox 524 1686 662 1694; x_wconf 60' lang='lat' dir='ltr'>›n--u--e-a</span> 
     </span>
    </p>
   </div>
   <div class='ocr_carea' id='block_1_4' title="bbox 345 1731 1612 1977">
    <p class='ocr_par' dir='ltr' id='par_1_4' title="bbox 345 1731 1612 1977">
     <span class='ocr_line' id='line_1_13' title="bbox 452 1731 1612 1806; baseline -0.002 -19"><span class='ocrx_word' id='word_1_97' title='bbox 452 1733 508 1788; x_wconf 86' lang='lat' dir='ltr'>Fol.</span> <span class='ocrx_word' id='word_1_98' title='bbox 524 1735 581 1806; x_wconf 91' lang='lat'>198.</span> <span class='ocrx_word' id='word_1_99' title='bbox 609 1733 665 1786; x_wconf 86' lang='lat' dir='ltr'>Das</span> <span class='ocrx_word' id='word_1_100' title='bbox 684 1731 763 1786; x_wconf 85' lang='lat' dir='ltr'>letzte</span> <span class='ocrx_word' id='word_1_101' title='bbox 776 1733 920 1786; x_wconf 89' lang='lat' dir='ltr'>Schreiben</span> <span class='ocrx_word' id='word_1_102' title='bbox 939 1731 1036 1786; x_wconf 77' lang='lat' dir='ltr'>betritit</span> <span class='ocrx_word' id='word_1_103' title='bbox 1055 1733 1097 1786; x_wconf 89' lang='lat' dir='ltr'>die</span> <span class='ocrx_word' id='word_1_104' title='bbox 1110 1731 1262 1786; x_wconf 79' lang='lat' dir='ltr'>Aufnahme</span> <span class='ocrx_word' id='word_1_105' title='bbox 1281 1733 1354 1786; x_wconf 89' lang='lat' dir='ltr'>eines</span> <span class='ocrx_word' id='word_1_106' title='bbox 1367 1732 1480 1786; x_wconf 83' lang='lat' dir='ltr'>Knaben</span> <span class='ocrx_word' id='word_1_107' title='bbox 1499 1749 1545 1786; x_wconf 85' lang='lat' dir='ltr'>aus</span> <span class='ocrx_word' id='word_1_108' title='bbox 1564 1732 1612 1786; x_wconf 86' lang='lat' dir='ltr'>der</span> 
     </span>
     <span class='ocr_line' id='line_1_14' title="bbox 347 1818 1611 1891; baseline -0.002 -17"><span class='ocrx_word' id='word_1_109' title='bbox 347 1820 456 1875; x_wconf 83' lang='lat' dir='ltr'>Familie</span> <span class='ocrx_word' id='word_1_110' title='bbox 474 1837 526 1874; x_wconf 90' lang='lat' dir='ltr'>von</span> <span class='ocrx_word' id='word_1_111' title='bbox 546 1820 714 1891; x_wconf 82' lang='lat' dir='ltr'>Landsberg,</span> <span class='ocrx_word' id='word_1_112' title='bbox 733 1820 830 1874; x_wconf 85' lang='lat' dir='ltr'>dessen</span> <span class='ocrx_word' id='word_1_113' title='bbox 848 1820 943 1887; x_wconf 81' lang='lat' dir='ltr'>&#39;l&#39;ante‚</span> <span class='ocrx_word' id='word_1_114' title='bbox 963 1821 1023 1873; x_wconf 88' lang='lat' dir='ltr'>eine</span> <span class='ocrx_word' id='word_1_115' title='bbox 1040 1818 1131 1890; x_wconf 84' lang='lat' dir='ltr'>grosse</span> <span class='ocrx_word' id='word_1_116' title='bbox 1150 1819 1348 1874; x_wconf 72' lang='lat' dir='ltr'>Wohithrtterin</span> <span class='ocrx_word' id='word_1_117' title='bbox 1367 1819 1414 1873; x_wconf 88' lang='lat' dir='ltr'>des</span> <span class='ocrx_word' id='word_1_118' title='bbox 1433 1819 1548 1886; x_wconf 89' lang='lat' dir='ltr'>Ordens‚</span> <span class='ocrx_word' id='word_1_119' title='bbox 1568 1819 1611 1873; x_wconf 89' lang='lat' dir='ltr'>die</span> 
     </span>
     <span class='ocr_line' id='line_1_15' title="bbox 345 1905 1258 1977; baseline -0.002 -14"><span class='ocrx_word' id='word_1_120' title='bbox 345 1908 499 1963; x_wconf 81' lang='lat' dir='ltr'>Ausnahme</span> <span class='ocrx_word' id='word_1_121' title='bbox 518 1907 664 1962; x_wconf 84' lang='lat' dir='ltr'>selmlichst</span> <span class='ocrx_word' id='word_1_122' title='bbox 684 1907 814 1975; x_wconf 78' lang='lat' dir='ltr'>witnscht,</span> <span class='ocrx_word' id='word_1_123' title='bbox 833 1908 860 1960; x_wconf 93' lang='lat' dir='ltr'>in</span> <span class='ocrx_word' id='word_1_124' title='bbox 879 1907 925 1961; x_wconf 85' lang='lat' dir='ltr'>das</span> <span class='ocrx_word' id='word_1_125' title='bbox 944 1905 1124 1977; x_wconf 83' lang='lat' dir='ltr'>Strassburger</span> <span class='ocrx_word' id='word_1_126' title='bbox 1143 1906 1258 1961; x_wconf 88' lang='lat' dir='ltr'>Kloster.</span> 
     </span>
    </p>
   </div>
   <div class='ocr_carea' id='block_1_5' title="bbox 0 0 1916 5592">
    <p class='ocr_par' dir='ltr' id='par_1_5' title="bbox 0 0 1916 5592">
     <span class='ocr_line' id='line_1_16' title="bbox 0 0 1916 5592; baseline 0 0"><span class='ocrx_word' id='word_1_127' title='bbox 0 0 1916 5592; x_wconf 95' lang='lat' dir='ltr'> </span> 
     </span>
    </p>
   </div>
  </div>
 </body>
</html>
