3828 5590
951 601 1045 658 llrieie.
1237 650 1243 660 .
1440 605 1462 674 J.
1486 619 1629 673 ¹272-·771

972 775 1021 844 bd.

467 899 645 986 Provinzial
666 898 772 965 Ulrich
793 897 921 965 schreibt
944 920 984 964 arr
1001 897 1146 964 Albertns
1161 899 1218 966 Ma
1242 922 1299 965 ntes
1322 899 1395 965 tiber
1410 900 1467 964 den
1490 921 1549 964 vore
1568 899 1629 964 ihm

361 987 555 1073 mitgeteilten
570 985 651 1052 Plan
666 986 720 1052 der
736 984 911 1072 Grr'mdrmg
926 987 1004 1051 eines
1019 985 1154 1051 Klosters
1169 988 1201 1052 iu
1254 987 1330 1072 euss.
1370 983 1470 1072 (1272
1486 1023 1509 1032 -
1520 987 1629 1073 1277.)

466 1087 647 1190 Venerabili
660 1089 695 1189 in
712 1087 841 1156 Christo
861 1089 943 1189 patri
962 1110 999 1154 ac
1019 1087 1153 1154 domino
1170 1087 1337 1189 A(lbert0)
1356 1089 1508 1242 episcopo
1519 1109 1630 1240 puori·
1711 1095 1714 1100 '

362 1174 435 1242 dam
445 1176 668 1264 Rattsponensr
680 1173 943 1263 iraterUl(ncus)
955 1197 1028 1241 cum
1041 1173 1358 1243 recommendatione
1394 1186 1517 1242 evotaa
1543 1185 1629 1241 ectus

361 1260 591 1350 plenitudinem
619 1263 764 1349 purioris.
810 1262 846 1327 ln
876 1261 1076 1328 inarcessibili
1100 1260 1285 1328 devocionis
1308 1281 1412 1328 vestre
1440 1261 1629 1348 patrocinio,

361 1347 418 1416 sub
438 1371 503 1438 quo
520 1347 602 1416 ordo
626 1359 736 1416 noster
751 1370 877 1435 semper
892 1347 932 1414 ad
952 1348 1100 1414 ulteriora
1115 1359 1282 1435 promotus
1306 1348 1417 1415 militat
1442 1359 1473 1414 et
1490 1349 1629 1435 respirat,

361 1436 550 1522 gratiarum,
583 1457 659 1524 quas
683 1457 832 1522 possum,
868 1432 970 1502 relero
1001 1435 1158 1516 actiones,
1193 1433 1289 1521 digne
1318 1435 1515 1522 recogitans,
1544 1432 1630 1536 quod

360 1523 483 1590 tociens
516 1521 555 1589 ad
586 1520 790 1609 prestandum
826 1520 978 1588 beneficia
1013 1520 1119 1588 fervor
1150 1541 1254 1589 vestre
1289 1523 1406 1588 mentis
1437 1520 1628 1602 accenditur,

361 1610 515 1762 quociens
547 1607 763 1675 benefaciendi
797 1608 922 1674 occasio
954 1607 1012 1674 sibi
1043 1607 1141 1675 datur.
1195 1607 1278 1674 Sane
1312 1630 1406 1695 super
1436 1607 1629 1674 exhibitione

383 1696 496 1774 omini,
515 1695 692 1762 Hermanni
722 1695 798 1762 civis
828 1694 1011 1776 Nusiensis,
1043 1718 1137 1784 quam
1168 1713 1271 1762 vestre
1301 1696 1495 1783 paternitatis
1527 1693 1629 1762 littere

362 1782 577 1864 continebant,
594 1779 769 1848 admodum
786 1780 971 1848 exhilaratus
987 1793 1111 1882 reputo,
1132 1779 1219 1871 quod
1235 1792 1356 1848 tantum
1370 1780 1493 1848 donum
1509 1804 1526 1848 a
1542 1793 1629 1869 patre

360 1867 517 1936 luminum
545 1867 758 1949 descenderit,
790 1889 854 1955 quo
879 1887 910 1934 et
933 1867 1036 1934 ordim
1067 1867 1277 1934 commodum
1300 1869 1469 1956 provenire
1493 1887 1523 1935 et
1547 1867 1628 1934 salus

360 1956 522 2042 procurari
536 1955 654 2042 poterit
677 1955 853 2020 animarum
870 1965 901 2021 et
924 1953 987 2021 hoc
1002 1955 1071 2020 sine
1095 1953 1211 2021 domus
1227 1954 1430 2021 Coloniensis
1453 1953 1628 2041 preindicio

384 2042 513 2122 raviori,
543 2039 630 2128 quod
652 2041 685 2106 in
709 2040 767 2106 hac
790 2059 878 2140 parte
900 2039 1000 2107 fuerat
1023 2039 1241 2108 metuendum.
1288 2040 1447 2107 Commisi
1477 2041 1572 2128 igitur
1596 2041 1627 2106 in

360 2063 543 2194 buiusmodi
558 2127 692 2214 negotio
708 2127 805 2214 priori
821 2125 1009 2193 Coloniensi
1025 2126 1162 2214 plenarie
1177 2128 1262 2194 vices
1278 2149 1375 2210 meas,
1395 2127 1517 2208 volens,
1540 2125 1627 2228 quod

361 2212 496 2282 domurn
518 2215 550 2279 in
566 2214 666 2280 Nusia
680 2214 819 2300 recipiat,
841 2211 950 2280 iratres
968 2213 1007 2280 de
1024 2214 1177 2301 expressis
1194 2212 1403 2281 conventibus
1426 2212 1497 2280 illuc
1513 2225 1627 2293 mittat,

359 2311 518 2368 rectorem
535 2299 656 2366 eisdem
678 2298 843 2387 ydoneum
867 2298 1008 2387 preficiat
1031 2312 1062 2367 et
1085 2301 1116 2364 in
1141 2300 1199 2366 hiis
1215 2299 1364 2367 omnibus
1388 2324 1405 2366 a
1429 2299 1627 2366 discretionis

359 2397 464 2454 vestre
480 2385 614 2453 consilio
639 2397 669 2452 et
693 2387 818 2453 tramite
833 2408 901 2453 non
924 2385 1060 2453 recedat.
1096 2387 1247 2453 Ceterum
1264 2389 1407 2475 quamvis
1431 2386 1527 2453 multa
1544 2385 1627 2452 bona

360 2472 525 2541 liberaliter
554 2471 695 2540 conferat
718 2473 794 2541 civis
825 2471 892 2556 ille,
925 2475 1080 2540 maiorem
1111 2484 1218 2540 tamen
1248 2473 1445 2556 thesaurum,
1477 2470 1627 2539 solidiora

360 2559 573 2642 fundamenta,
598 2558 783 2648 columpnas
806 2559 1001 2629 robustiores
1024 2579 1138 2648 reputo
1154 2563 1249 2628 vestri
1269 2560 1384 2630 favoris
1408 2562 1552 2648 gratiam,
1577 2560 1626 2626 cui

359 2649 385 2715 si
408 2649 552 2715 innixum
575 2646 667 2715 suerit
690 2645 835 2716 ordiendi
858 2651 963 2737 operis
980 2646 1149 2730 edificium,
1173 2650 1301 2716 veniant
1320 2647 1461 2730 flumina,
1485 2645 1627 2714 conflent

359 2737 456 2819 venti,
479 2737 559 2804 sicut
581 2735 714 2802 monsS
738 2758 781 2801 on
805 2757 871 2803 non
887 2735 1153 2818 commovebitur,
1177 2735 1263 2825 quod
1280 2738 1313 2804 in
1335 2749 1423 2825 petra
1445 2747 1531 2804 tante
1554 2757 1627 2823 pro·

358 2822 498 2891 videntie
513 2822 673 2890 solidatur.
708 2761 780 2903 dua
797 2842 936 2911 propter,
953 2825 1025 2892 licet
1041 2823 1081 2890 de
1097 2822 1300 2905 habundanti,
1318 2825 1484 2890 memorati
1503 2823 1624 2909 negotii

359 2932 563 2997 progressum
580 2920 611 2975 et
634 2910 759 2976 initium
775 2922 878 2977 vestre
901 2911 1077 2978 reverentie
1094 2909 1253 2977 humiliter
1268 2909 1500 2976 recommendo
1517 2909 1622 2974 Deum

360 2995 518 3062 excelsum
543 2993 688 3060 obnixius
711 2997 879 3077 invocans,
903 3008 1055 3083 quatenus
1079 2994 1118 3062 ad
1146 2997 1194 3061 sui
1222 2997 1362 3061 nominis
1385 2995 1519 3082 gloriam
1550 3017 1624 3061 cum

358 3092 533 3168 augmento
561 3081 762 3147 carismatum
792 3083 953 3168 potiorum
979 3080 1027 3169 (i)
1058 3079 1125 3147 dies
1147 3080 1238 3147 vobis
1267 3081 1399 3148 addiciat
1423 3103 1517 3168 super
1547 3078 1623 3147 dies.

360 3167 493 3254 Semper
516 3165 598 3233 bene
621 3166 721 3234 valeat
743 3169 911 3254 paternitas
933 3186 1046 3234 vestra.

465 3347 475 3379 ¹
493 3340 580 3394 Plural
599 3340 650 3394 HS.

464 3493 521 3547 Fol.
536 3506 620 3564 ην.
650 3495 732 3548 Trotz
751 3495 798 3547 der
812 3496 1021 3563 Unterstbtzuug
1033 3495 1139 3548 Alberts
1159 3497 1191 3548 ist
1210 3511 1239 3547 es
1253 3513 1284 3547 zu
1303 3496 1376 3547 einer
1389 3493 1538 3562 Grttndung
1551 3493 1624 3544 niclrt

359 3580 529 3650 gelrommen.

966 3733 1016 3804 54.

464 3856 642 3943 Provinrial
663 3857 768 3924 Ulricb
791 3857 967 4010 beanls‘tragt
990 3857 1045 3922 den
1063 3857 1152 3924 Prior
1173 3879 1232 3922 non
1250 3856 1340 3936 Kstn,
1364 3856 1420 3921 das
1436 3855 1548 3941 Nitige
1567 3857 1624 3937 fiir

358 3944 405 4009 die
430 3943 604 4030 Grrindrmg
626 3945 676 4010 des
700 3944 835 4033 Netrsser
889 3956 1027 4009 onventes
1049 3967 1086 4028 ra
1110 3944 1327 4009 uerartstalten.
1364 3940 1622 4030 (1272-1277.)

463 4048 637 4114 Karissimo
660 4050 693 4114 in
717 4048 847 4115 Christo
873 4100 880 4114 .
905 4100 912 4114 .
937 4048 1034 4135 priori
1058 4045 1246 4114 Coloniensi
1268 4045 1362 4114 irater
1384 4044 1519 4112 Ulricus.
1564 4045 1623 4110 Ex-

357 4133 545 4202 hibitionem
570 4134 693 4202 domini
709 4136 887 4202 Hermanni
910 4136 986 4201 civis
1001 4134 1178 4216 Nusiensis,
1202 4157 1296 4222 quam
1312 4133 1424 4200 vestris
1445 4131 1622 4199 declarastis

357 4221 484 4303 litteris,
513 4221 721 4290 favorabiliter
749 4245 844 4310 prose
867 4243 926 4288 uor
955 4235 985 4288 et
1013 4220 1196 4322 amplector.
1222 4273 1229 4287 .
1255 4271 1262 4287 .
1288 4273 1294 4287 .
1325 4219 1433 4308 (Folgt
1462 4218 1621 4292 inhaltlicb

357 4307 498 4375 dasselbe
521 4311 583 4376 wie
607 4311 651 4375 im
674 4332 743 4378 vor.
768 4245 898 4462 Brielqelp
945 4310 1141 4375 Auctoritate
1169 4310 1272 4395 itaque
1317 4307 1489 4374 resentium
1513 4305 1622 4373 fratres

356 4396 477 4484 aliquos
491 4394 639 4496 ydoneos
656 4397 785 4463 mittatis
808 4397 840 4461 in
892 4397 1007 4461 ussiam
1023 4394 1062 4461 ad
1078 4394 1272 4462 manendum
1288 4395 1297 4460 i
1320 4392 1405 4460 idem
1422 4392 1461 4460 de
1477 4392 1622 4474 Treueri,

357 4481 396 4549 de
423 4481 574 4549 Traiecto
606 4482 751 4550 videlicet
783 4483 951 4570 superiori,
984 4481 1023 4548 de
1051 4479 1200 4548 Traiecto
1232 4503 1360 4632 quoque
1393 4479 1548 4558 inferiori,
1582 4478 1622 4545 de

357 4568 509 4651 Colonia,
539 4569 579 4636 de
603 4569 822 4650 Confluentis,
852 4568 891 4635 de
919 4568 1049 4651 Sosat0,
1078 4569 1130 4655 qui
1158 4566 1249 4636 vobis
1277 4590 1293 4632 a
1344 4567 1401 4632 hec
1430 4564 1622 4632 tenebuntur

356 4653 484 4722 obedire
508 4667 539 4722 et
562 4655 682 4722 eisdem
707 4656 841 4756 aliquem
865 4657 1047 4741 preponite,
1077 4676 1241 4741 quousque
1270 4655 1408 4740 priorem
1440 4663 1620 4738 presentem

356 4740 489 4808 habeant
513 4741 552 4808 de
581 4742 716 4830 capitulo
740 4741 798 4808 srbi
826 4740 975 4808 dandum.
1022 4741 1154 4807 Proviso
1178 4739 1264 4828 quod
1293 4762 1407 4805 omnes
1432 4757 1462 4804 et
1495 4736 1620 4824 singuli,

356 4850 436 4920 qnos
453 4827 514 4894 illic
527 4829 807 4916 congregaveritis,
824 4829 905 4894 cauti
921 4828 983 4893 sint
994 4827 1074 4893 adeo
1088 4851 1123 4894 ac
1136 4828 1260 4907 maturi,
1277 4825 1363 4914 quod
1380 4823 1578 4913 presentibus
1591 4837 1621 4890 et
