3822 5592
340 621 398 688 132
918 615 991 670 Brief
1006 659 1012 671 .
1163 595 1168 606 ¹
1476 616 1498 684 J.
1523 617 1595 686 1181),

335 771 1596 945 1111111111111111111111111

334 949 469 1016 lanarum
492 949 556 1014 arrad
577 947 667 1028 habe,
699 951 729 1014 in
753 947 806 1012 der
829 947 992 1033 Meirrrrrag,
1021 969 1049 1012 cs
1075 948 1119 1012 sei
1142 946 1185 1013 St.
1210 946 1321 1026 Marx,
1350 958 1438 1011 rariter
1460 944 1596 1012 Zurricl'·

335 1037 460 1123 lassung
487 1038 579 1102 rainer
605 1035 707 1101 Sociar
736 1033 870 1100 dasselbe
900 1033 1027 1099 besurlrt.
1074 1033 1118 1099 Er
1140 1033 1317 1120 beaustragt
1345 1032 1397 1098 ibn
1425 1033 1503 1098 nach
1530 1033 1595 1098 dean

335 1124 439 1211 Massa
460 1125 557 1188 rainer
582 1121 697 1188 Schuld
717 1145 756 1206 au
779 1121 946 1208 bartrasen,
972 1143 1041 1186 vora
1065 1121 1198 1208 Ernpsan
1242 1121 1295 1185 der
1318 1119 1445 1185 biberen
1473 1119 1597 1186 Weilaerr

335 1210 547 1296 larnauhalten
570 1209 634 1274 rand
656 1210 708 1274 ibn
749 1231 800 1274 um
817 1209 1026 1296 entscratesten
1042 1206 1161 1272 Klostcr
1183 1143 1237 1272 dr
1252 1207 1384 1292 Pluvia(
1399 1231 1438 1292 (τι
1452 1205 1596 1272 scbiclrcar.

335 1297 498 1384 Hagenau.
545 1293 645 1383 (1289
670 1232 851 1384 frailvjahr.)

377 1441 650 1448 .—-—---..-..---

439 1504 495 1558 Fol.
517 1502 574 1558 161.
611 1504 666 1558 Das
679 1503 823 1572 Vergeheu
842 1521 898 1555 war
916 1502 1025 1572 doppelt
1044 1501 1193 1572 straffallig:
1217 1519 1237 1556 1.
1258 1519 1355 1571 wegen
1374 1503 1421 1554 des
1442 1503 1596 1555 inierdiktes

335 1591 398 1643 taber
416 1589 579 1660 Strafsburg;
600 1605 622 1643 2.
642 1605 740 1659 wegen
759 1588 806 1641 des
825 1589 963 1641 Betretens
982 1589 1028 1640 der
1047 1587 1255 1641 Frauenlrloster.

936 1785 998 1856 llll.

440 1910 552 1976 Proa'r'n
573 1909 618 1974 iat
634 1905 809 1994 (Hermann
848 1908 966 1974 betraut
988 1910 1035 1974 dte
1060 1909 1236 1996 Subprt'orin
1260 1909 1324 1973 und
1344 1909 1392 1973 die
1409 1908 1594 1974 Schwesteraa

334 1998 436 2083 Agnes
458 2019 516 2061 11111
539 1934 721 2061 1111111111ιί1
743 2019 785 2060 ura
831 1994 967 2060 Gertrzrd
988 2019 1046 2060 von
1071 1996 1274 2083 Kbnigshosen
1293 1993 1594 2083 (Kuonengeshoven)

334 2084 383 2148 des
416 2083 459 2149 St.
489 2082 709 2148 Marxklosters
740 2083 795 2146 mit
826 2082 879 2146 der
912 2082 1140 2168 Untersuchrmg
1169 2105 1263 2169 gagen
1292 2084 1370 2166 (wei
1398 2081 1592 2147 Schwestern.

334 2170 497 2256 Hagruau.
544 2167 644 2256 (1289
669 2168 850 2257 Frrilrjahr.)

505 2327 512 2339 .
536 2272 652 2340 Audivi
675 2271 912 2353 dissimulando,
937 2271 1128 2339 dissimulavi
1151 2271 1325 2353 audiend0‚
1357 2271 1443 2360 quod
1467 2295 1593 2338 sorores

236 2386 238 2391 ¹
333 2359 488 2427 Andriota
512 2358 551 2427 de
575 2361 785 2446 Hagenowia,
809 2359 952 2446 Egninna
976 2359 1015 2426 de
1032 2360 1231 2426 Wintlrertur
1254 2372 1358 2448 preter
1381 2359 1453 2425 alias
1469 2382 1592 2425 sursum

334 2462 365 2516 et
381 2448 531 2516 deorsum
555 2449 723 2529 insaniunt,
747 2448 895 2535 priorisse
918 2447 1048 2514 rebelles
1065 2471 1119 2535 per
1143 2471 1179 2515 su
1203 2447 1330 2529 erbiam,
1355 2447 1465 2514 ceteris
1482 2445 1593 2514 infeste

334 2560 390 2624 per
406 2537 626 2624 calumpniam,
651 2534 835 2624 quibusdam
853 2537 1034 2623 importune
1058 2559 1113 2622 per
1130 2473 1295 2617 maliciam,
1320 2534 1467 2601 omnibus
1483 2558 1593 2622 graves

334 2625 393 2690 nisi
415 2622 498 2690 forte
521 2625 584 2690 suis
608 2623 813 2710 complicibus
836 2645 892 2710 per
913 2625 1073 2690 vesaniam
1097 2621 1353 2710 comprobantur.
1393 2622 1477 2688 Cum
1501 2624 1594 2708 igitur

333 2710 500 2798 providere
524 2709 708 2791 debeamus,
740 2733 780 2776 ne
809 2709 971 2778 modicum
1003 2709 1166 2792 fermenti,
1197 2709 1283 2799 quod
1314 2711 1375 2777 heu
1407 2711 1468 2776 iam
1500 2711 1594 2776 nimis

334 2799 476 2880 invaluit,
507 2810 607 2865 totam
636 2821 771 2864 massam
796 2811 990 2885 corrumpat,
1022 2797 1204 2864 discretioni
1232 2809 1335 2864 vestre
1364 2799 1533 2864 committo
1563 2811 1594 2863 et

333 2887 471 2951 districte
495 2885 613 2950 mando
637 2887 830 2984 presentium
855 2907 911 2969 per
933 2898 1095 2964 tenorem,
1119 2883 1205 2971 quod
1229 2884 1416 2949 rebelliones
1440 2884 1591 2948 dictarum

332 2993 538 3056 personarum
556 2990 586 3036 et
610 2971 683 3035 alias
699 2992 805 3036 earum
830 2970 1011 3037 insolentias
1035 2971 1237 3058 inquisitione
1253 2971 1390 3056 plenarie
1413 2968 1492 3035 facta
1515 2970 1592 3034 mihi

333 3057 412 3123 infra
434 3079 580 3123 mensem
604 3056 730 3144 prebitis
755 3055 794 3122 de
818 3056 952 3123 claustro
981 3056 1156 3143 sumptibus
1180 3059 1312 3136 nuncio,
1343 3079 1438 3144 quem
1462 3057 1592 3123 mittetis

333 3145 371 3210 ad
395 3167 462 3226 me,
493 3142 626 3211 fideliter
648 3143 804 3225 referatis,
857 3163 988 3210 uatenus
1019 3143 1058 3210 de
1081 3143 1167 3210 vultu
1191 3144 1251 3209 Dei
1277 3142 1425 3210 iudicium
1450 3142 1591 3230 prodeat,

333 3231 420 3320 quod
449 3233 545 3320 quieti
576 3231 751 3298 monastice
780 3167 922 3318 proiciat
953 3243 984 3298 et
1015 3243 1130 3298 terram
1159 3249 1313 3312 sanctam,
1346 3231 1379 3296 in
1406 3253 1466 3319 qua
1495 3231 1591 3311 statis,

334 3320 515 3387 huiusmodi
538 3319 754 3386 abhominatio
778 3343 846 3385 non
868 3319 1017 3406 depravet
1040 3372 1047 3386 .
1074 3372 1081 3386 .
1107 3372 1114 3386 .
1139 3321 1255 3386 Datum
1280 3319 1489 3405 Hagenowie.

347 3539 349 3542 .
438 3495 494 3549 Fol.
516 3494 573 3549 162.

938 3675 993 3740 lll.

438 3795 616 3880 Provinzial
632 3792 821 3883 (Hermann)
845 3795 1021 3883 beorrftragt
1044 3796 1101 3860 den
1124 3796 1213 3860 Prior
1235 3819 1292 3860 von
1309 3795 1439 3860 Kolmar
1462 3798 1516 3860 mit
1539 3795 1592 3860 der

333 3881 802 3968 Βεςῑνιψιης(1111111311ιί1.
849 3876 950 3968 (1289
975 3881 1156 3970 Fraihjahr.)

436 3984 537 4049 Priori
554 3984 806 4050 Columbariensi
830 3985 1028 4070 provincialis
1044 3983 1083 4050 de
1100 3986 1299 4072 quorundam
1322 3983 1450 4050 fratrum
1468 4006 1591 4050 eorrec-

332 4071 431 4152 tione,
456 4072 509 4158 qui
526 4070 656 4138 claustra
679 4093 826 4137 sororum
843 4073 1124 4158 Argentinensium
1150 4073 1352 4137 intraverunt.
1384 4071 1467 4136 Cum
1491 4094 1591 4157 nuper

334 4181 436 4224 essem
461 4159 493 4223 in
517 4157 590 4224 loco
606 4171 724 4240 vestro,
748 4160 884 4225 conveni
907 4158 1033 4225 fratrem
1050 4159 1210 4225 Erbonem
1230 4158 1269 4224 de
1289 4181 1339 4240 e0,
1363 4157 1449 4246 quod
1468 4170 1589 4225 tantum

332 4247 447 4314 civitati
471 4248 741 4335 appropinquavit,
765 4258 799 4314 ut
815 4245 983 4314 claustrum
1007 4261 1114 4314 sancte
1129 4248 1263 4334 Agnetis
1287 4245 1514 4333 ingrederetur,
1538 4249 1590 4334 qui

331 4357 365 4400 se
389 4333 428 4400 de
452 4336 684 4424 propinquitate
704 4337 871 4416 excusavit,
894 4335 1028 4403 litteram
1052 4355 1192 4402 nostram
1217 4333 1254 4401 ad
1271 4359 1359 4402 suam
1383 4335 1590 4422 interpretans

331 4421 538 4505 voluntatem,
562 4447 656 4511 quant
673 4447 762 4490 casso
780 4435 810 4490 et
826 4446 954 4504 revoco,
979 4448 1019 4490 ne
1035 4447 1090 4511 per
1107 4447 1177 4490 eam
1194 4447 1263 4489 anea
1279 4422 1460 4510 simplicitas
1477 4424 1589 4490 iterum

332 4509 503 4578 deludatur.
542 4512 604 4577 Pro
628 4513 697 4598 ipso
713 4524 819 4578 autern
842 4511 954 4599 allegat
969 4513 1092 4599 pietatis
1115 4511 1251 4593 affectio,
1275 4535 1334 4600 qua
1351 4534 1478 4576 carnem
1501 4534 1589 4576 suain

331 4598 407 4664 odio
431 4599 537 4665 habuit
560 4622 658 4665 nemo
681 4621 837 4687 unquam,
867 4612 901 4666 ut
923 4611 1051 4687 propter
1082 4600 1145 4666 hoc
1167 4600 1324 4666 severitati
1351 4597 1468 4686 aliquid
1491 4597 1590 4665 detra·

332 4687 430 4752 batur.
481 4686 575 4752 Unde
603 4687 686 4753 iuxta
717 4684 819 4753 datam
850 4686 940 4752 vobis
971 4711 987 4752 a
1018 4688 1090 4753 Deo
1120 4685 1343 4753 discretionem
1373 4709 1431 4772 pro
1460 4686 1590 4752 introitu

331 4773 454 4839 claustri
476 4773 721 4840 satisfactionem
745 4775 900 4860 imponite
925 4786 1178 4861 competentem,
1209 4774 1268 4839 nisi
1291 4772 1387 4853 forte,
1411 4784 1445 4840 ut
1468 4772 1589 4852 dicitur,

331 4861 488 4926 civitatem
512 4861 611 4946 ipsam
635 4861 794 4946 ingressus
817 4859 909 4926 fuerit
933 4861 1040 4926 matris
1063 4859 1195 4926 domum
1213 4861 1341 4926 visitans
1365 4871 1457 4946 atque
1479 4858 1588 4925 fratris.
