3828 5590
307 569 330 640 J.
353 584 497 638 ¹²72····77⁴
898 568 995 624 Briese.

917 723 969 792 48.

421 845 658 911 Trustsclrreiben
688 845 738 911 des
762 845 876 912 Provin
897 845 956 912 tals
975 844 1121 998 ffliricla)
1152 869 1193 912 an
1216 847 1273 912 den
1299 846 1402 913 Sarius
1430 846 1480 912 der
1506 869 1576 910 uer·

307 932 461 999 rtorbenen
484 933 654 998 Kardinuls
677 933 851 1014 Hannibal,
878 870 956 1000 dira.
1001 933 1097 1015 rard,
1120 934 1185 999 aad
1202 933 1411 1020 Bestimmung
1434 932 1507 998 tiber
1529 935 1577 998 ein

309 1021 414 1108 Legat.
442 1019 587 1110 .(1272.)

413 1122 615 1192 Provincialis
651 1123 834 1191 consolatur
873 1122 1000 1192 fratrem
1033 1177 1040 1190 .
1071 1177 1078 1190 .
1112 1125 1235 1190 socium
1271 1123 1395 1191 domini
1430 1121 1576 1190 Anibaldi

308 1209 480 1300 quondam.
536 1212 668 1292 Quanto
701 1211 752 1298 pie
780 1209 1016 1278 recordacionis
1046 1209 1170 1278 donnini
1197 1209 1342 1278 Anibaldi
1374 1213 1437 1289 vita
1472 1209 1575 1277 ordini

308 1300 410 1366 extitit
425 1299 578 1386 preciosa,
600 1309 691 1364 tanto
715 1320 803 1364 mors
819 1321 916 1364 ceca.
935 1350 942 1364 .
961 1350 968 1364 .
986 1299 1017 1364 in
1034 1299 1138 1385 ipsum
1161 1299 1250 1364 irruit
1266 1310 1298 1364 et
1313 1296 1407 1364 diruit
1423 1297 1576 1378 luctuosa,

308 1385 403 1452 simul
425 1407 482 1451 ore
505 1383 612 1472 patulo
636 1383 808 1450 absorbens
833 1436 840 1450 .
866 1436 873 1450 .
899 1435 906 1449 .
930 1383 1051 1450 ordinis
1075 1383 1223 1466 leticiam,
1246 1383 1406 1471 presulum
1429 1384 1576 1470 gloriam,

307 1472 416 1559 populi
426 1472 563 1540 Romani
575 1469 864 1552 honorificentiam,
881 1494 943 1558 que
955 1495 1022 1536 non
1035 1469 1132 1558 longe
1145 1482 1251 1537 autem
1265 1470 1401 1538 obtinuit
1417 1469 1575 1552 fiduciam,

307 1557 491 1647 quodcum
515 1557 648 1624 domino
672 1555 902 1624 Ebrodunense
923 1555 1081 1642 Jordanus
1110 1557 1255 1625 influeret
1278 1559 1310 1624 iu
1335 1581 1372 1624 os
1396 1559 1471 1645 ejus.
1506 1558 1576 1644 Ego

307 1647 402 1734 igitur
425 1657 570 1712 nontam
596 1645 725 1732 pristina
740 1646 798 1712 viri
822 1646 939 1712 noticia
963 1656 1070 1712 motus
1092 1669 1186 1734 quarn
1209 1645 1336 1734 speciali
1358 1644 1576 1712 benivolencia

307 1731 433 1802 sedulus
456 1757 491 1800 ac
511 1731 645 1801 devotus
669 1733 773 1819 ipsum
797 1731 942 1800 iratribus
966 1745 997 1799 et
1020 1731 1086 1799 aliis
1101 1734 1216 1800 virtute
1239 1732 1365 1835 prelatis
1390 1786 1397 1799 .
1423 1786 1430 1800 .
1456 1785 1463 1799 .
1488 1756 1577 1800 com-

307 1820 465 1903 mendavi,
488 1823 514 1888 si
536 1819 619 1887 sorte
642 1821 675 1886 in
699 1818 770 1888 loro
795 1819 848 1886 illo
871 1873 930 1887 ...
954 1819 1138 1908 pulsaretur,
1162 1843 1350 1888 oracronum
1373 1821 1455 1888 vecti
1479 1819 1576 1887 alibus

306 1907 538 1978 redimendum.
585 1905 636 1974 Ad
660 1906 747 1998 quod
775 1910 941 1996 presertim
972 1907 1082 1975 efficax
1104 1910 1190 1976 racio
1220 1933 1273 1976 me
1297 1907 1417 1976 inducit
1466 1907 1577 1976 electa·

306 1996 408 2065 biliter
431 1995 628 2078 audientem,
659 1995 746 2086 quod
769 1997 801 2062 in
825 2007 930 2064 morte
960 1995 1157 2078 stimulante,
1187 1997 1289 2064 inuno
1318 1997 1380 2063 iarn
1410 1995 1577 2086 infaustam

306 2083 343 2152 ab
367 2087 437 2172 ipso
461 2085 625 2151 victoriam
655 2083 812 2150 referente
835 2085 947 2150 vestris
971 2082 1131 2173 obsequiis
1154 2085 1288 2152 inveniri
1317 2082 1417 2151 voluit
1440 2107 1507 2149 non
1531 2084 1578 2149 in-

306 2191 423 2258 gratus,
447 2189 479 2237 et
500 2195 540 2237 ne
563 2193 662 2259 usque
679 2192 773 2236 mane
797 2168 892 2236 luturi
915 2170 1011 2236 seculi
1030 2170 1113 2257 apud
1136 2171 1240 2258 ipsum
1263 2193 1387 2238 merces
1410 2169 1578 2237 voluntarii

306 2259 505 2325 servitiorum
536 2267 731 2339 remaneret,
765 2276 884 2324 certant
912 2256 1002 2323 vobis
1038 2255 1154 2346 legavit
1188 2258 1322 2345 pecunie
1359 2258 1576 2345 quantitatem.

307 2348 428 2414 Verum
453 2347 524 2434 quia
547 2343 712 2432 vigilanter
734 2343 968 2432 providendum
998 2364 1060 2427 est,
1089 2369 1130 2412 ne
1161 2345 1239 2412 tanti
1263 2345 1321 2413 viri
1350 2355 1577 2412 testamentum

308 2446 339 2502 et
364 2445 429 2500 tam
452 2435 532 2500 iusta
555 2456 648 2520 quam
673 2433 724 2519 pia
750 2433 891 2499 intencio
915 2443 1083 2499 enervetur
1110 2456 1146 2499 ac
1168 2456 1227 2499 vos
1251 2431 1342 2499 vobis
1365 2451 1438 2519 post
1465 2443 1578 2498 noctes

308 2520 479 2588 laboriosas
503 2521 597 2587 etiam
621 2543 749 2586 menses
771 2542 889 2587 vacuos
914 2521 1107 2587 enumeretis
1132 2519 1196 2674 (P,
1220 2518 1387 2606 prohibeo,
1411 2521 1443 2585 in
1467 2542 1577 2608 quem—

309 2631 432 2697 cunque
456 2606 571 2675 dictam
595 2608 763 2694 pecuniam
786 2606 927 2694 quolibet
949 2607 1041 2674 titulo
1065 2626 1150 2674 trans
1165 2608 1265 2674 eratis,
1311 2607 1378 2674 Etc.

309 2736 424 2744 ...---—-

415 2781 470 2834 Fol.
488 2793 572 2834 rrzv.
602 2780 746 2833 'l'eilweise
765 2781 871 2833 schwer
889 2780 984 2833 lesbar.
1012 2781 1068 2832 Der
1081 2781 1141 2832 Sata
1160 2781 1225 2832 tiber
1243 2779 1366 2834 dominns
1378 2779 1577 2832 Ebrodunensis

308 2869 341 2920 ist
361 2866 587 2920 unverstindliclr:
607 2866 701 2919 Hinter
719 2865 850 2936 Jordanus
870 2865 962 2937 solgen
982 2866 1175 2927 unterstrichen
1194 2866 1262 2918 zwei
1277 2865 1393 2932 Worter,
1412 2865 1454 2918 die
1473 2883 1522 2917 nur
1540 2864 1577 2917 als

307 2955 442 3024 proprium
461 2969 562 3006 nornen
581 2953 708 3023 gedeutet
727 2952 837 3006 werden
856 2953 971 3006 konnen.
1009 2951 1152 3006 Vielleiclrt
1170 2953 1204 3006 ist
1223 2952 1265 3006 die
1284 2953 1413 3022 Deutung
1434 2951 1527 3006 daraus
1547 2969 1577 3004 zu

307 3041 432 3107 nehnren,
451 3039 507 3094 dass
521 3039 755 3094 Kardinalbischol
764 3041 892 3094 Heinrich
911 3058 964 3094 von
978 3040 1055 3094 Ostia
1069 3039 1171 3110 (sruher
1190 3041 1216 3094 in
1230 3041 1359 3110 Embrun)
1373 3041 1411 3094 im
1423 3040 1578 3094 November

309 3145 384 3198 1271,
404 3129 465 3181 kurz
485 3145 533 3181 vor
551 3128 682 3181 Hannibal
702 3129 780 3195 starb,
801 3127 847 3181 der
866 3127 927 3182 Tod
947 3127 1004 3182 also
1023 3129 1070 3181 nrit
1090 3129 1178 3182 einem
1197 3127 1270 3182 nicht
1289 3127 1424 3182 zuirieden
1441 3146 1506 3182 war.

919 3283 970 3354 db.

411 3412 470 3477 Ein
484 3410 607 3476 Freund
622 3406 797 3496 (Hermann
813 3411 1044 3501 uortMiuderri)
1062 3410 1202 3476 berirhtet
1218 3413 1311 3476 cirtem
1329 3409 1578 3499 Ordcnsfrrunde

307 3499 379 3565 liber
402 3499 459 3564 den
482 3497 661 3584 Provinqial
683 3497 747 3564 aad
768 3498 830 3564 sich
853 3497 952 3564 sallat.
1001 3495 1261 3588 (1272-1277.)

411 3604 542 3669 Anticus
565 3601 658 3669 irater
679 3601 774 3668 fratri.
814 3602 864 3669 Ad
889 3604 1067 3691 ingressum
1092 3605 1199 3670 nuncii
1216 3605 1312 3670 vestri
1336 3602 1447 3670 dotem
1470 3606 1576 3692 accepi

305 3690 402 3756 letitie
426 3689 600 3778 singularis.
647 3691 730 3756 Nam
755 3689 918 3777 problema
942 3689 981 3757 de
1010 3701 1091 3757 statu
1115 3702 1237 3772 vestro,
1266 3690 1354 3779 quod
1383 3692 1415 3756 in
1439 3693 1577 3778 pectoris

305 3779 367 3843 rnei
392 3778 573 3865 gimpnazio
597 3799 668 3864 spes
693 3797 723 3843 et
747 3789 852 3844 metus
868 3777 961 3844 dubia
984 3777 1041 3844 sub
1058 3779 1214 3845 sententia
1230 3777 1433 3865 disputarant,
1458 3778 1576 3845 solacio

305 3866 481 3952 gratissima
504 3865 664 3952 quietavit.
710 3865 779 3932 Nec
803 3868 911 3952 magni
935 3865 1053 3952 pendo,
1077 3867 1103 3931 si
1126 3877 1240 3932 ventus
1264 3889 1281 3932 e
1305 3867 1437 3952 regione
1461 3864 1577 3933 deserti

305 3951 437 4039 angulos
454 3951 571 4018 domus
587 3970 690 4018 vestre
707 3954 877 4034 concutiat,
902 3963 954 4018 aut
970 3954 1051 4038 ignis
1076 3954 1191 4018 mixtus
1208 3952 1362 4038 grandine
1385 3963 1481 4018 tactas
1498 3975 1576 4020 oves

306 4050 483 4119 consumat,
507 4037 685 4104 dummodo
710 4062 791 4104 unus
815 4039 959 4126 effugiat,
988 4041 1041 4126 qui
1065 4039 1123 4106 hec
1148 4051 1193 4119 et,
1222 4062 1283 4126 que
1306 4040 1387 4104 circa
1410 4062 1469 4105 vos
1492 4051 1576 4120 sunt,

306 4123 474 4191 denunciet
508 4123 702 4192 condolenti.
757 4124 918 4192 Habentes
953 4127 1048 4212 igitur
1076 4136 1245 4214 utrumque
1277 4126 1445 4212 peticionis
1472 4137 1578 4192 vestre

304 4212 455 4293 fructum,
487 4213 518 4277 in
547 4214 704 4278 anteriora
727 4215 870 4279 narracio
895 4237 929 4280 se
953 4211 1111 4280 extendat.
1158 4212 1362 4278 Provincialis
1393 4211 1432 4278 de
1462 4213 1576 4278 mortis

306 4298 472 4386 gemitibus
496 4299 699 4386 triumphavit
724 4301 858 4382 etiam,
882 4312 916 4368 ut
940 4302 1122 4382 consuevit,
1150 4301 1328 4368 visitacioni
1358 4311 1575 4366 conventuum

307 4397 354 4452 est
377 4388 526 4452 intentus.
565 4387 634 4471 Ego
659 4386 801 4452 similiter
825 4411 877 4452 rne
901 4387 1005 4453 valere
1029 4386 1112 4453 dico
1148 4387 1203 4453 Set
1226 4388 1339 4473 gravis,
1364 4409 1459 4475 quem
1482 4385 1576 4452 habe-

306 4496 388 4554 mus,
411 4473 530 4539 utinam
555 4473 655 4538 inanis
679 4496 746 4538 non
771 4475 810 4540 sit
835 4497 943 4540 corani
969 4473 1114 4555 dominu,
1139 4471 1227 4539 labor
1250 4484 1369 4539 noster.
1416 4474 1467 4538 De
1491 4471 1575 4539 collo

308 4559 445 4626 Colonie
475 4559 657 4626 Traiectum
687 4561 808 4627 traiecti
839 4561 965 4627 fuimus.
1011 4561 1107 4627 Nunc
1137 4561 1169 4625 in
1204 4560 1319 4626 Sosato
1343 4561 1387 4626 sic
1416 4557 1575 4641 sedemus,

316 4669 362 4712 >er
385 4646 527 4712 Mindam
552 4664 581 4713 et
605 4645 829 4735 Hilden(sem)
854 4649 1002 4713 Brentani
1026 4649 1071 4713 ire
1095 4645 1304 4733 disponimus.
1352 4647 1407 4712 Set
1429 4669 1498 4728 vos,
1523 4647 1576 4734 qui

318 4735 457 4815 ustratis,
484 4735 670 4816 recensetis,
699 4736 887 4801 mensuratis
918 4759 990 4800 cunr
1019 4733 1169 4801 Athlante
1202 4733 1330 4822 sydera,
1364 4756 1437 4799 cum
1464 4731 1576 4800 Talete

308 4833 462 4908 tempora,
486 4845 558 4887 cunr
574 4821 704 4889 Perdice
721 4822 854 4903 climata,
872 4823 1090 4908 pronunciate,
1110 4820 1238 4910 quando
1255 4821 1356 4887 nostri
1374 4819 1468 4887 exodi
1483 4818 1576 4886 finito

361 4941 470 4996 Flnko,
488 4942 747 4987 Domtnlkanorbrleie.
1419 4949 1431 4988 t
