3822 5592
364 600 422 662 126
943 611 1036 664 briele.
1503 611 1525 680 J.
1548 612 1621 680 1289.

359 770 452 822 datiert
473 769 524 821 uud
543 769 589 821 der
602 768 831 835 Ausstellungsort
851 767 903 819 wie
922 767 979 819 lrier
992 766 1117 834 Freiburg
1137 767 1177 826 ist,
1197 783 1228 818 so
1248 765 1314 818 wird
1333 767 1400 819 auclr
1420 766 1506 818 dieses
1526 768 1552 818 iu
1571 767 1621 818 deu

359 854 467 923 Antang
489 855 555 922 1289
574 852 661 906 fallen.

958 972 1023 1040 lat.

465 1096 643 1182 Provinaial
660 1093 850 1250 (Herrrrartnp
874 1096 1002 1162 schreibt
1025 1117 1065 1161 ctu
1089 1096 1145 1160 deu
1163 1095 1271 1160 Lebtur
1294 1119 1332 1180 zu-
1350 1096 1458 1160 lire-trra
1482 1095 1554 1161 iiber
1576 1095 1623 1160 die

360 1183 501 1271 Arrkrrnft
524 1184 574 1249 des
594 1181 825 1271 Ordensgerrera
840 1206 863 1263 5,
887 1184 934 1248 die
953 1183 1094 1270 Zotinger
1116 1183 1180 1248 und
1201 1182 1417 1270 Strussbrrrger
1432 1183 1622 1270 Augelegru·

360 1271 428 1336 heir.
476 1271 634 1358 Freiburg.
682 1267 793 1359 (1289,
818 1270 980 1360 Februor.)

465 1376 592 1442 Lectori
624 1376 791 1442 Crernensi
820 1375 1019 1463 provincialis
1052 1375 1183 1442 salutem
1217 1399 1289 1442 cum
1322 1375 1499 1442 dilectionis
1532 1375 1623 1442 solite

361 1462 526 1530 dulcedine
550 1466 787 1550 sempiternam.
834 1463 965 1530 Gratum
996 1465 1073 1528 milri
1101 1463 1265 1549 prebuistis
1297 1462 1486 1529 beneficium
1511 1487 1548 1529 ex
1573 1487 1623 1542 eo,

361 1548 447 1635 quod
475 1549 660 1615 venerabilis
688 1552 782 1636 patris
811 1552 950 1635 magistri
982 1549 1100 1614 ordinis
1132 1551 1301 1615 nuntiastis
1330 1549 1466 1615 reditum
1491 1556 1542 1616 et¹
1572 1551 1623 1614 ad-

361 1648 502 1701 ventum.
542 1637 611 1721 Ego
628 1655 733 1702 autem
756 1648 880 1722 paratus
900 1659 970 1701 sum
995 1639 1024 1700 in
1050 1637 1145 1722 ipsius
1162 1659 1341 1712 occursum,
1364 1649 1412 1701 set
1429 1635 1548 1701 detinet
1572 1660 1624 1702 me

362 1743 473 1787 eorum
499 1725 685 1808 expectatio,
717 1723 769 1810 qui
793 1724 901 1788 venire
925 1721 1040 1788 debent
1064 1721 1102 1787 de
1127 1723 1314 1802 Wormatia,
1343 1721 1472 1787 fratrum
1499 1745 1622 1787 causam

363 1821 394 1874 et
418 1811 483 1874 eius
507 1832 704 1895 processum,
728 1833 789 1895 que
813 1809 873 1874 illic
896 1811 1008 1895 agitur,
1031 1809 1165 1874 relaturi.
1207 1809 1289 1874 Natu
1315 1831 1353 1873 ex
1376 1808 1439 1873 fine
1463 1811 1623 1894 preeuntis

362 1907 409 1960 est
432 1897 560 1960 inicium
585 1897 711 1961 termini
729 1895 947 1983 subsequentis
964 1907 994 1960 et
1018 1897 1086 1961 sine
1110 1919 1184 1960 meo
1202 1895 1347 1975 consili0,
1371 1897 1396 1960 si
1413 1895 1500 1982 quod
1516 1907 1622 1961 tamen

362 1994 419 2059 est,
449 2005 508 2059 nec
531 1994 674 2067 sumptus
706 2005 765 2047 nec
788 1982 1013 2048 advocatorum
1039 1984 1128 2068 copia
1158 1983 1289 2067 negotio
1314 1993 1501 2067 competens
1531 1982 1622 2048 lrabe-

362 2080 455 2134 retur.
503 2067 632 2134 Dudum
656 2070 762 2133 remisi
781 2121 787 2133 .
807 2121 813 2134 .
835 2070 955 2154 priores
979 2070 1246 2154 Argentineusem
1271 2080 1301 2133 et
1325 2069 1425 2133 Zouin
1452 2091 1561 2132 ensem
1585 2069 1623 2133 aa

362 2155 480 2220 curiam
505 2166 535 2220 et
558 2157 630 2235 iam,
655 2157 680 2220 si
704 2155 782 2220 milri
806 2154 980 2236 mandatur,
1005 2167 1076 2242 post
1098 2178 1154 2221 eos
1178 2156 1328 2220 nuncium
1354 2090 1488 2241 agitabo
1527 2155 1622 2241 Egre-

362 2240 450 2307 dere!
476 2241 576 2307 dicam
602 2243 640 2308 ei.
687 2243 798 2323 Porr0,
829 2242 1031 2329 quidactum
1056 2261 1137 2308 esset
1161 2254 1191 2308 et
1215 2241 1403 2328 agendume,
1428 2243 1620 2328 scripsissem

363 2328 561 2415 completius,
587 2330 612 2394 si
630 2328 668 2394 cle
685 2329 747 2395 hoc
764 2328 893 2395 fuissem
910 2331 1089 2410 instructus,
1113 2352 1171 2415 pro
1195 2349 1242 2394 ter
1258 2329 1344 2416 quod
1361 2331 1454 2395 etiarn
1471 2329 1621 2394 famulum

362 2415 470 2481 diebus
487 2416 624 2503 aliquot³
646 2415 793 2482 recedere
810 2439 876 2482 non
893 2417 1045 2482 sinebam.
1084 2417 1133 2482 De
1150 2352 1286 2482 adventu
1302 2428 1408 2482 vestro
1425 2428 1456 2482 et
1472 2415 1621 2481 librorum

362 2502 563 2570 distractione
587 2502 691 2583 facite,
718 2503 805 2590 quod
828 2505 931 2585 vultis,
960 2528 1019 2570 nec
1044 2527 1096 2569 me
1119 2503 1251 2590 amplius
1274 2504 1445 2591 requiratis
1492 2503 1529 2569 Et
1552 2503 1623 2569 licet

361 2589 493 2656 libenter
521 2613 579 2657 vos
610 2589 751 2672 videam,
784 2604 892 2657 tamen
921 2592 1014 2672 nolo,
1047 2591 1133 2678 quod
1164 2593 1312 2677 magister
1344 2593 1493 2657 cornitive
1521 2603 1624 2656 vestre

361 2678 474 2744 solatio
499 2677 772 2746 defraudetur...
798 2679 947 2745 Ceterum
974 2677 1047 2766 quid
1072 2691 1103 2744 et
1125 2691 1276 2766 quantum
1305 2677 1419 2744 laboris
1443 2678 1623 2766 pertulerim

362 2777 393 2832 et
422 2764 541 2832 doloris
569 2787 626 2852 pro
651 2790 741 2832 causa
765 2769 969 2852 Zorringensi,
997 2767 1048 2832 vix
1077 2765 1162 2832 brevi
1191 2778 1298 2852 posset
1327 2768 1440 2853 pagina
1469 2766 1623 2852 explicari.

362 2854 462 2937 Super
486 2853 565 2918 illius
589 2853 649 2918 loci
668 2853 826 2918 desolatos
851 2857 950 2938 rrragis
974 2877 1067 2940 quarn
1092 2876 1185 2938 super
1202 2855 1451 2936 Argentineuses
1476 2853 1556 2917 lilios
1573 2877 1623 2917 ex-

363 2945 492 3004 cussos⁴
515 2941 595 3004 sicut
618 2962 728 3004 aranea
753 2939 955 3019 contabesc0,
984 2941 1055 3026 quia
1078 2951 1167 3004 tanto
1190 2939 1259 3024 plus
1288 2941 1319 3003 in
1344 2941 1481 3024 presenti
1505 2940 1623 3024 spergit

362 3025 561 3106 verecundie,
586 3038 704 3112 quanto
728 3025 915 3091 infuturum
933 3025 1117 3112 exeruplaris
1142 3025 1263 3090 malicie
1280 3027 1501 3090 comminatur.
1541 3025 1623 3103 Quis

364 3113 448 3176 enirn
466 3113 700 3198 episcoporum,
720 3113 773 3199 qui
790 3115 916 3198 sagittas
933 3113 1299 3178 excommunicationum
1316 3112 1348 3176 in
1367 3113 1518 3197 pharetris
1537 3133 1623 3262 para-

363 3209 486 3279 verunt,
511 3197 550 3265 de
574 3211 680 3264 cetero
710 3222 775 3264 non
800 3197 960 3265 ventilabit
982 3198 1197 3264 Predicatores
1227 3197 1384 3278 comibus,
1416 3222 1488 3264 cum
1516 3198 1558 3262 ili
1585 3198 1622 3263 acl

363 3287 556 3352 sentenciam
590 3309 797 3373 personarum
831 3286 995 3353 humilium
1034 3286 1105 3352 licet
1137 3285 1174 3351 ab
1209 3285 1368 3351 ordinario
1402 3285 1622 3372 deputatorum

363 3375 484 3439 utinam
507 3386 699 3460 putatorum,
723 3376 775 3462 qui
800 3374 839 3440 de
856 3387 1015 3441 conventu
1040 3387 1126 3440 erant
1143 3375 1345 3459 Zouingensi,
1369 3393 1457 3459 terga
1480 3373 1624 3439 dederint

362 3461 460 3526 territi
485 3460 523 3525 ad
540 3462 681 3526 sonitum
697 3459 762 3526 folii
781 3461 950 3526 volitantis.
983 3462 1106 3526 Deiecti
1128 3463 1212 3546 prius
1237 3484 1330 3547 quam
1347 3463 1409 3525 cesi
1435 3479 1532 3525 castra
1555 3460 1624 3524 reli·

364 3558 509 3632 querunt,
540 3549 592 3633 qui
616 3546 761 3612 nondum
785 3547 945 3634 usquead
973 3548 1160 3633 sanguinem
1190 3549 1371 3612 restiterunt
1396 3600 1402 3612 .
1429 3600 1435 3612 .
1462 3599 1468 3612 .
1493 3546 1625 3612 Accedit

363 3632 401 3698 ad
430 3633 684 3699 hoeludeoruu
714 3633 865 3714 debitum,
890 3634 1140 3699 Clnistianorum
1171 3633 1349 3718 obstagium
1380 3653 1410 3698 et
1437 3633 1623 3719 angelorum

365 3739 395 3784 et
419 3721 586 3785 hominurn
611 3721 834 3806 spectaculum,
863 3733 967 3786 utrum
992 3719 1136 3786 videlicet
1159 3720 1277 3800 locum,
1307 3722 1359 3806 qui
1410 3719 1456 3784 lus
1480 3718 1625 3806 quadrin-

364 3807 467 3890 gentis
492 3809 604 3872 marcis
629 3809 780 3886 constitit,
811 3830 868 3892 pro
893 3806 1042 3872 derelicto
1074 3807 1200 3872 liaberet
1225 3805 1305 3871 ordo
1331 3819 1361 3872 et
1384 3743 1496 3872 lierent
1520 3807 1624 3872 novis-

365 3894 444 3956 sima
466 3895 574 3978 peiora
590 3893 755 3978 prioribus,
779 3893 927 3978 gentibus
942 3907 1083 3958 nostram
1100 3893 1319 3979 aspicientibus
1336 3893 1519 3958 nuditatem.
1559 3893 1623 3957 Iam

365 4004 402 4044 ex
431 3979 581 4046 condicto
605 3982 708 4046 vocati
738 3979 863 4046 obsides
892 3982 1095 4060 intraverunt,
1125 3981 1343 4060 comederunt,
1372 3979 1526 4059 biberunt,
1558 4002 1624 4044 cras

364 4065 493 4131 forsitan
522 4068 676 4132 morituri.
724 4067 950 4146 Hereditatem,
980 4069 1135 4153 inquiunt,
1168 4066 1386 4152 possideamus
1414 4069 1623 4132 sanctuarium

364 4153 434 4218 Dei.
486 4153 530 4218 Ibi
562 4156 822 4239 sanguisugarum
855 4153 908 4218 filii
941 4153 1169 4219 clamaverunt:
1202 4153 1300 4234 Affer,
1332 4153 1416 4234 affer,
1447 4172 1481 4219 ut
1512 4175 1623 4218 eorum

363 4239 465 4305 verbis
489 4252 566 4321 utar,
591 4239 739 4328 quicquid
763 4242 838 4306 citra
861 4241 1018 4306 infernum
1043 4243 1158 4326 poterit
1181 4241 1325 4306 inveniri.
1369 4241 1436 4306 Hec
1460 4239 1516 4306 fuit
1542 4240 1625 4304 exul-

363 4328 440 4393 tatio
465 4349 617 4414 pauperes
634 4326 854 4394 devorantium
878 4329 910 4393 in
927 4327 1092 4393 absconso
1131 4327 1185 4392 Set
1203 4329 1352 4393 excitatus
1375 4339 1536 4415 tamquam
1554 4326 1626 4392 dor-

364 4415 467 4480 miens
490 4414 640 4480 dominus
663 4417 725 4480 ianr
750 4414 1016 4502 conflagrantibus
1040 4413 1225 4480 carbonibus
1250 4414 1445 4480 desolatoriis
1470 4413 1638 4502 quosdanu

364 4525 436 4567 cum
454 4504 532 4568 lona
554 4504 586 4567 in
604 4504 690 4568 navis
715 4501 824 4568 abditis
842 4501 1035 4568 dormientes
1056 4503 1209 4588 percussit
1225 4503 1256 4567 in
1280 4501 1385 4582 latere,
1409 4501 1514 4568 videt⁵
1538 4524 1626 4566 conr·

363 4591 471 4674 puncti
495 4589 610 4670 cordis,
640 4609 680 4670 et,
712 4602 745 4656 ut
769 4613 865 4676 opem
888 4589 1005 4656 ferrent
1031 4589 1140 4655 fratres
1163 4588 1317 4670 tratribus,
1348 4591 1391 4654 im
1417 4591 1523 4656 eravit.
1570 4589 1626 4654 Fe-

363 4678 456 4742 stinat
487 4676 680 4757 Habralram,
713 4677 786 4742 Sara
820 4677 984 4758 accelerat,
1020 4678 1114 4742 currit
1149 4700 1226 4762 puer
1255 4730 1261 4742 .
1289 4730 1294 4742 .
1321 4731 1327 4742 .
1359 4613 1436 4742 ciliis
1469 4675 1626 4763 profertur

364 4765 526 4831 Beniamin
552 4766 590 4831 de
614 4766 749 4846 saccul0,
774 4765 886 4832 librum
910 4765 1043 4832 absolvit
1066 4789 1082 4831 a
1106 4763 1327 4853 sy(g)nacu10,
1359 4765 1454 4831 mittit
1478 4766 1509 4830 iu
1533 4787 1626 4851 gatzo-

364 4851 499 4918 filacium
524 4875 639 4938 pauper
655 4853 764 4939 aliquis
781 4875 836 4918 ora
853 4853 917 4918 duo
939 4852 977 4918 dc
998 4853 1145 4918 thesauro
1164 4875 1350 4936 egenorum,
1374 4875 1457 4919 nova
1474 4866 1505 4918 et
1521 4871 1625 4918 vetera
