3822 5592
305 623 328 692 J.
350 623 424 694 1289.
892 621 987 675 Briele.
1512 622 1569 689 135

307 778 346 844 dc
363 801 419 844 ore
443 777 592 865 predonis
616 801 704 844 crura
721 777 785 843 duo
811 801 883 844 cum
901 789 1045 844 extremo
1069 777 1204 844 auricule
1228 778 1389 864 rapiuntur
1406 829 1412 843 .
1432 829 1464 842 ..
1489 777 1571 844 Sane

307 863 347 930 de
370 864 462 931 fratre
485 865 554 930 ber.
571 863 701 931 verbum
725 863 842 944 audivi,
865 887 959 952 super
982 886 1047 952 quo
1071 863 1209 930 tinniunt
1233 885 1333 945 aures,
1357 887 1470 931 avoce
1494 862 1571 930 labia

307 952 566 1032 contremiscunt,
590 974 663 1017 nam
688 949 778 1018 fedus
800 974 872 1017 cum
897 950 1022 1018 inferno
1046 951 1224 1038 percutiens
1247 952 1279 1016 in
1296 951 1518 1038 Memmingen
1540 962 1572 1018 et

308 1038 472 1126 Gislingen
489 1038 572 1121 fecit,
597 1037 683 1128 quod
700 1038 862 1125 apostolus
879 1039 1036 1105 nominari
1052 1039 1151 1106 vetuit
1171 1039 1252 1105 inter
1268 1051 1395 1106 sanctos
1411 1039 1570 1126 inquiens:

306 1127 486 1193 Fornicatio
502 1147 533 1192 et
550 1127 655 1192 omnis
671 1125 877 1192 immundicia
899 1150 966 1192 non
983 1127 1190 1192 nominentur
1211 1127 1243 1192 iu
1259 1126 1360 1206 vobis,
1383 1127 1463 1192 sicut
1479 1125 1571 1192 decet

307 1216 448 1280 sanctos!
488 1215 525 1280 Et
549 1213 634 1302 quod
659 1225 705 1279 est
728 1213 943 1295 miserabilius,
967 1237 1038 1280 cum
1063 1214 1102 1280 sit
1119 1211 1158 1280 de
1182 1236 1269 1280 novo
1293 1212 1463 1300 professus,
1487 1214 1570 1299 prius

307 1325 340 1368 se
364 1321 622 1369 consummatum
647 1299 787 1368 ostendit
812 1302 843 1366 in
868 1300 1003 1383 malicia,
1033 1323 1127 1389 quam
1151 1302 1214 1368 vite
1242 1300 1327 1367 bone
1351 1302 1439 1367 iaciat
1462 1299 1571 1367 funda-

307 1402 424 1457 menta.
475 1390 677 1477 Quapropter
710 1387 891 1456 discretioni
920 1400 1022 1455 vestre
1054 1389 1210 1476 precipio,
1243 1408 1276 1455 ut
1305 1407 1467 1476 tamquam
1494 1387 1570 1455 alter

305 1479 417 1544 Finees
433 1477 613 1558 Israelitarn‚
638 1477 669 1542 in
694 1500 758 1564 quo
775 1475 866 1542 dolus
891 1495 948 1557 est,
971 1475 1028 1542 zeli
1052 1499 1206 1542 mucrone
1230 1475 1399 1563 percellere
1421 1475 1570 1556 debeatis,

305 1589 377 1631 uam
396 1564 467 1645 hoc,
492 1575 525 1630 ut
541 1587 664 1645 vereor,
684 1565 755 1650 quia
778 1565 810 1629 in
828 1563 979 1629 similibus
996 1586 1063 1629 non
1080 1563 1270 1644 estfactum,
1287 1576 1396 1630 nostra
1412 1564 1570 1651 quassatio

306 1675 371 1718 non
389 1653 530 1733 cessavit,
554 1663 602 1718 set
617 1649 693 1717 foris
717 1674 839 1738 pugnas
855 1652 938 1718 intus
963 1653 1095 1716 timores
1119 1650 1211 1717 uobis
1227 1652 1373 1717 remissio
1389 1650 1569 1717 cumulavit.

305 1741 433 1806 l³aciatis
463 1740 557 1826 igitur
588 1737 758 1805 districtam
792 1739 1029 1827 inquisitionem
1062 1737 1101 1804 de
1134 1739 1204 1826 ipso
1233 1739 1264 1804 in
1298 1737 1372 1804 loco
1403 1749 1509 1804 vestro
1539 1749 1570 1804 et

305 1829 450 1915 precipue
474 1829 580 1894 socios
604 1828 765 1915 inquiratis
788 1828 854 1893 sive
879 1825 1064 1914 principales
1088 1827 1184 1912 ipsius
1208 1827 1314 1893 invia.
1349 1827 1419 1893 Nec
1443 1824 1568 1905 sufficit,

305 1918 329 1981 si
354 1915 480 1997 dicunt,
505 1914 590 2004 quod
614 1914 709 1980 nichil
733 1913 880 1996 viderim,
905 1913 1084 1980 dummodo
1108 1915 1227 2001 ipsum,
1251 1913 1337 2002 quod
1361 1938 1379 1979 a
1402 1924 1570 2000 prospectu

305 2015 416 2069 mutuo
449 2004 645 2091 reliquerint,
679 2002 842 2068 fateantur.
893 2001 1019 2068 Deinde
1055 2003 1157 2088 ipsum
1190 2002 1259 2067 Ber.
1289 2025 1344 2088 per
1375 2013 1570 2088 preceptum,

304 2091 547 2176 suspensionem
580 2102 610 2156 et
641 2091 1006 2155 excommunicationem
1041 2091 1161 2174 cogatis
1194 2088 1233 2154 de
1264 2088 1481 2176 proponendis
1513 2087 1570 2152 sibi

305 2176 444 2264 capitulis
469 2176 573 2243 dicere
597 2177 771 2242 veritatem.
812 2177 848 2242 tit
872 2177 897 2241 si
922 2177 1030 2240 omnia
1050 2174 1207 2256 deficiant,
1232 2175 1324 2241 sitin
1351 2175 1570 2240 testimonium

306 2277 414 2330 contra
436 2265 550 2350 ipsum,
574 2262 660 2351 quod
677 2287 739 2350 ego
763 2263 866 2328 aaardivi
883 2286 899 2328 a
923 2261 985 2328 fide
1002 2261 1105 2350 dignis
1129 2261 1283 2343 fratribus,
1307 2263 1358 2349 qui
1383 2273 1572 2348 acceperunt

305 2352 341 2417 ab
366 2352 438 2433 hiis,
469 2353 520 2440 qui
546 2349 619 2417 illud
643 2351 743 2417 scelus
774 2351 975 2432 audiverunt,
1007 2349 1151 2417 manibus
1178 2361 1437 2430 attrectaverunt,
1471 2347 1570 2415 oculis

305 2452 548 2528 perspexerunt,
572 2440 613 2506 ita
637 2458 669 2505 ut
694 2439 731 2506 ad
756 2440 990 2506 correctionem
1015 2462 1101 2505 suam
1131 2436 1304 2526 procedere
1328 2439 1461 2504 minime
1485 2435 1571 2504 dubi-

306 2530 387 2596 tetis.
413 2530 491 2595 Vice
504 2530 596 2615 igitur
609 2551 680 2594 mea
695 2528 751 2594 sibi
769 2527 960 2616 prohibeatis
973 2527 1135 2595 ecclesiam
1153 2527 1327 2616 laycorum,
1344 2538 1435 2613 porte
1451 2524 1569 2592 aditum

307 2629 337 2683 et
361 2641 539 2704 egressum,
570 2639 667 2682 omne
691 2616 880 2682 seminarum
904 2617 1107 2682 consorcium
1132 2627 1161 2682 et
1186 2614 1380 2702 colloquium
1389 2641 1398 2696 ;
1426 2615 1570 2701 siquem

307 2704 398 2771 lrabet
427 2703 572 2770 ordinem
602 2727 740 2784 sacrum,
774 2703 854 2770 illius
884 2702 1167 2792 exequ(u)ti0nem
1198 2726 1265 2768 non
1289 2713 1449 2789 presumat
1478 2701 1569 2767 etad

307 2815 373 2873 eos,
398 2815 477 2878 quos
501 2789 644 2855 nondum
663 2790 754 2856 habet
779 2789 916 2869 ordines,
942 2813 1006 2854 nou
1025 2788 1182 2870 ascendat,
1206 2788 1309 2854 donec
1334 2813 1367 2854 se
1384 2787 1571 2854 deobiectis

305 2875 484 2962 probaverit
500 2878 716 2942 innocentem.
753 2877 883 2962 Insuper
907 2875 1077 2961 disciplinis
1095 2886 1126 2941 et
1142 2874 1352 2955 abstinenciiS,
1377 2873 1571 2939 orationibus

306 2983 336 3030 er
367 2962 553 3030 lectionibus
585 2961 773 3029 emendetur
803 2964 834 3029 in
865 2962 992 3045 melim,
1025 2975 1059 3029 ut
1090 2963 1182 3028 tinius
1215 2963 1378 3048 castigatio
1408 2959 1572 3027 interdicat

306 3052 417 3118 ceteris
441 3049 598 3117 licentiam
625 3050 836 3138 delinquendi,
884 3050 1001 3116 Datum
1026 3051 1056 3115 iu
1082 3055 1234 3136 Augusta.

347 3180 373 3185 ”
389 3180 583 3294 ’11ιῖ111νῖ

907 3398 967 3467 rra.

410 3525 587 3611 Provinqial
603 3523 792 3613 (Hermann)
816 3522 933 3611 lrefiahlt
958 3524 1024 3588 dam
1041 3523 1162 3589 Bautica
1180 3523 1391 3588 Boltrovruurs
1413 3525 1444 3587 in
1462 3523 1570 3588 Nr'trn-

305 3613 386 3700 berg,
411 3613 458 3678 die
473 3635 530 3678 uon
554 3612 615 3677 ihm
632 3611 676 3677 ais
706 3614 769 3698 'etat
788 3610 927 3699 strasbor
950 3611 1207 3699 uer'naclaliissigte
1223 3610 1401 3676 Linritation
1425 3609 1571 3696 awischen

305 3701 371 3765 derra
388 3700 614 3787 Regearsbnrgcr
637 3637 1079 3766 1111111111111111111111101111111(
1103 3698 1264 3766 iunerhalla
1288 3699 1354 3764 drai
1375 3697 1478 3785 Tagen
1501 3720 1570 3762 uor-

304 3788 479 3873 qunehman.
527 3788 729 3874 Regarrslurrg.
777 3785 903 3876 (1289.)

409 3962 465 4016 Fol.
487 3961 536 4027 164
546 3975 571 4016 t'.

908 4134 966 4202 tto.

410 4259 587 4344 Provinqiol
611 4257 803 4348 (Hermann)
834 4257 982 4346 arrrpfichlt
1011 4238 1086 4323 deur·
1102 4259 1192 4324 Prior
1218 4282 1276 4323 uon
1301 4257 1494 4345 Regrrubrrrg
1516 4259 1571 4323 dos

306 4345 536 4412 l⁴'rorraarl’loster
560 4350 591 4411 iu
615 4345 799 4433 Pellendors.
847 4347 975 4436 (1289.)
1164 4350 1169 4366 '

415 4452 500 4516 Inter
534 4451 590 4515 alia
630 4451 820 4516 monasteria
861 4450 1067 4536 disposicioni
1105 4462 1208 4516 vestre
1246 4449 1362 4516 credita
1402 4450 1567 4514 claustrum

305 4559 450 4602 sororum
482 4538 512 4601 in
542 4535 732 4603 Pettendorl
751 4536 826 4602 volo
855 4536 945 4602 vobis
977 4548 1065 4602 tanto
1096 4536 1164 4602 lore
1188 4537 1376 4623 propensius
1405 4558 1570 4600 commen-

305 4622 428 4704 datum,
459 4635 578 4711 quanto
606 4647 712 4690 earum
745 4622 806 4689 loci
831 4625 954 4690 novitas
979 4636 1010 4690 et
1038 4634 1204 4711 paupertas
1234 4621 1405 4688 maioribus
1429 4623 1571 4688 noscitur

305 4709 458 4798 suffragiis
488 4710 645 4798 indigere,
677 4712 717 4776 ita
745 4709 832 4798 quod
857 4710 976 4777 eisdem
1007 4713 1038 4776 iu
1068 4709 1321 4777 confessionibus
1349 4707 1511 4776 audiendis
1541 4720 1571 4775 et

277 4829 280 4836 ·
304 4800 507 4865 sacramentis
518 4799 734 4866 ecclesiasticis
746 4797 930 4865 exhibendis
947 4821 1074 4864 necnon
1088 4797 1153 4864 aliis
1166 4798 1287 4865 bouum
1304 4809 1420 4865 statum
1433 4799 1568 4884 ipsarum

305 4886 541 4973 respicientibus
557 4911 615 4952 vos
639 4885 791 4972 prebeatis
808 4910 880 4951 cum
906 4885 1049 4953 iratribus
1073 4885 1110 4952 ad
1138 4887 1199 4952 lroc
1222 4885 1358 4973 ydoneis
1375 4895 1569 4972 oportunum
