3822 5592
328 613 385 680 142
905 607 998 661 Briet'u.
1466 607 1487 676 J.
1511 607 1584 675 1289.

323 764 394 818 volui
413 764 543 834 presentia
562 763 666 832 spiritus
686 779 740 816 non
759 771 914 829 contentus,
938 771 977 815 set
997 763 1163 832 propositum
1186 763 1380 832 perseverantia
1399 762 1493 827 caruit,
1518 763 1585 832 quia,

303 853 387 903 ‘sicut
405 851 497 914 nostis,
517 849 593 902 valde
612 867 671 902 sum
690 850 823 918 impotens
843 848 875 901 ad
894 848 1010 901 eundum
1026 890 1031 901 .
1047 891 1052 901 .
1068 889 1073 901 .
1088 847 1277 900 Auscheineud
1291 849 1367 901 weist
1387 864 1421 910 er,
1434 847 1482 900 aul
1497 847 1586 902 l'rirher

321 937 378 990 inm
402 954 433 989 zu
457 935 503 989 teil
532 937 695 1006 gewordene
723 935 968 989 Freundliclrlreiten
993 935 1039 988 des
1065 933 1255 987 Ordensobern
1284 935 1337 986 ltin.
1381 933 1458 987 Naclt
1481 933 1527 988 fol.
1555 937 1585 986 18

321 1023 394 1076 hatte
413 1023 456 1074 ein
476 1021 555 1075 irater
573 1023 678 1091 Johann
696 1021 739 1074 bei
758 1023 861 1074 seinem
880 1021 984 1074 Eintritt
1004 1022 1029 1073 in
1049 1020 1100 1073 den
1120 1019 1211 1072 Orden
1231 1020 1317 1072 lrleine
1331 1020 1586 1090 Vergirnstigungen

322 1109 440 1162 erhalten
461 1107 512 1161 und
532 1109 626 1161 suchte
645 1107 719 1162 dalur
739 1107 780 1160 die
795 1107 979 1176 Zustinnnung
998 1106 1044 1160 des
1064 1107 1193 1160 Generals
1213 1106 1294 1171 naclr;
1314 1106 1536 1160 wahrsclreinliclr
1554 1108 1587 1160 ist

322 1195 408 1250 dieser
421 1194 520 1247 Bruder
539 1195 669 1248 identisclt
682 1195 730 1247 mit
747 1195 879 1262 lohannes
892 1193 925 1246 de
935 1194 1003 1246 Alba
1023 1193 1075 1246 und
1088 1193 1162 1246 wohl
1176 1193 1243 1246 auclt
1256 1193 1303 1244 mit
1317 1192 1440 1246 dominus
1451 1194 1586 1263 Jobannes

322 1282 355 1334 de
373 1271 521 1351 Argentina
539 1281 599 1349 (iol.
622 1282 676 1349 34),
700 1280 747 1332 der
765 1279 813 1333 aus
829 1279 910 1333 vieles
930 1281 1057 1350 Dringen
1076 1297 1125 1332 nur
1144 1278 1262 1349 zogernd
1281 1279 1306 1332 in
1331 1277 1382 1332 den
1402 1269 1493 1332 Orden
1518 1281 1586 1344 tritt;

323 1370 358 1422 ob
377 1369 445 1422 aucit
464 1368 585 1422 derselbe
604 1368 669 1422 oder
688 1367 824 1422 vervvandt
844 1368 891 1420 mit
911 1367 972 1420 dem
992 1367 1099 1420 reiclren
1119 1365 1299 1436 Strassburger
1319 1365 1438 1419 Kleriker
1452 1367 1586 1436 Johannes

322 1456 355 1510 de
375 1456 454 1522 Alba,
476 1456 522 1509 der
545 1455 610 1508 1268
631 1454 692 1508 dem
711 1453 803 1508 Orden
822 1453 912 1525 grosse
931 1454 1127 1524 Sclrenlrungen
1146 1453 1269 1506 macine?
1306 1453 1367 1524 Vgl.
1388 1453 1501 1508 Bulletin
1521 1471 1586 1508 usw.

323 1544 368 1610 lX,
391 1545 447 1612 178.

924 1678 990 1748 123.

429 1801 694 1890 (Ordensgeneral
717 1802 839 1892 Murrio)
868 1802 1009 1868 bernhart
1039 1800 1146 1867 lubenti
1172 1802 1245 1868 tiber
1271 1803 1327 1869 dns
1355 1803 1515 1869 Verlraltrn
1538 1805 1588 1869 der

319 1889 507 1978 piipstliclren
532 1888 702 1956 Kollektors
724 1889 864 1955 Districh
886 1912 945 1954 von
972 1885 1106 1954 Orviero.
1153 1887 1280 1979 (1289.)

430 1994 545 2060 Littera
576 1993 849 2060 commendatoria
878 1991 916 2059 ad
949 2015 1061 2079 papam
1093 2007 1123 2060 et
1154 1993 1335 2060 cardinales,
1387 1993 1585 2060 Hebreorum

325 2093 451 2147 narrant
473 2081 621 2161 historie,
652 2078 755 2168 quod,
784 2103 856 2146 cum
880 2082 1037 2145 Assuerus
1060 2103 1113 2145 rex
1138 2103 1245 2146 corant
1270 2104 1303 2146 se
1328 2079 1442 2146 laceret
1466 2080 1586 2146 annalia

324 2169 497 2248 recenseri,
527 2165 625 2234 iidem
649 2168 696 2232 sui
719 2166 852 2233 recoluit
875 2165 1076 2247 Mardoclrei,
1105 2189 1197 2254 quam
1227 2168 1307 2233 sicut
1330 2185 1436 2253 gratus
1459 2167 1586 2247 audivit,

324 2257 366 2322 ita
385 2267 419 2321 ut
442 2252 628 2340 magnificus
657 2255 837 2341 premiavit,
865 2255 999 2340 posteris
1023 2253 1203 2342 relinquens
1232 2254 1427 2341 exemplum,
1456 2267 1504 2335 ut,
1555 2255 1586 2319 ui

324 2364 428 2408 rerum
446 2343 640 2428 presentium
652 2340 921 2421 tenentculrnina,
938 2339 1127 2407 devotorum
1145 2341 1202 2407 sibi
1215 2355 1471 2428 recongnoscant
1487 2277 1586 2408 studia

325 2441 356 2496 et
384 2429 478 2516 digna
507 2430 626 2496 meritis
655 2427 806 2496 beneficia
833 2439 1089 2516 recompensent.
1142 2427 1224 2494 Sane
1254 2427 1340 2516 quod
1372 2427 1478 2496 auditu
1507 2430 1587 2495 auris·

346 2540 416 2584 erce
441 2540 542 2598 eram,
573 2518 704 2584 veniens
728 2519 760 2583 in
784 2516 1007 2582 Alemannianr
1036 2515 1134 2582 oculis
1158 2519 1302 2603 perspexi
1325 2515 1483 2598 fidelibus,
1537 2540 1588 2584 ua·

324 2541 392 2672 liter
416 2541 608 2672 innotabilis
633 2605 679 2672 vir
702 2606 851 2692 magister
867 2602 1123 2692 Th(eodericus)
1142 2605 1235 2758 prior
1257 2606 1357 2671 sancti
1380 2540 1588 2672 Andreeln-

324 2693 496 2761 beuetanus
520 2717 553 2760 se
577 2695 674 2780 gessit
697 2693 729 2758 in
753 2693 911 2780 negociis,
940 2716 1000 2780 que
1025 2691 1081 2758 sibi
1106 2716 1140 2758 se
1164 2716 1197 2758 es
1225 2693 1397 2780 apostolica
1422 2692 1587 2780 delegavit.

325 2782 421 2848 Certe
445 2783 548 2846 mirari
574 2800 734 2867 poteram,
764 2803 836 2846 cnm
866 2803 1028 2846 cernerem
1052 2778 1331 2847 Tlreutonicorum
1362 2793 1493 2868 gentem
1517 2782 1588 2866 rigi·

324 2868 397 2934 dam
413 2869 457 2934 sic
481 2869 576 2953 ipsius
593 2867 760 2933 affectione
776 2866 965 2947 devinctam,
990 2878 1024 2932 ut
1040 2890 1113 2932 eum
1131 2887 1332 2934 veneraretur
1355 2887 1389 2934 ut
1408 2866 1587 2946 dominnm,

326 2953 469 3040 diligeret
492 2965 527 3020 ut
549 2965 729 3041 patronum.
776 2953 830 3019 Set
858 2972 889 3018 et
913 2953 974 3020 hoc
1004 2951 1128 3020 efficere
1153 2952 1245 3019 donis
1276 2977 1342 3020 non
1366 2956 1483 3040 potuit,
1514 2977 1586 3020 nam

325 3064 437 3108 manus
461 3064 531 3106 suas
548 3042 638 3106 omni
662 3041 797 3107 excussit
819 3063 836 3106 a
860 3063 1001 3121 munere,
1026 3041 1168 3140 quamvis
1192 3041 1254 3106 boc
1278 3040 1335 3106 sibi
1358 3043 1490 3127 gratuita
1514 3039 1588 3106 libe-

325 3128 427 3195 ralitas
451 3127 626 3209 detulisset,
659 3147 689 3194 et
713 3129 947 3193 execrationem
972 3126 1058 3194 duxit
1080 3125 1119 3193 ad
1143 3150 1179 3193 ea
1203 3150 1333 3193 manum
1355 3130 1498 3207 mittere,
1526 3151 1587 3216 que

325 3215 382 3282 sibi
406 3215 521 3303 prefata
545 3214 636 3282 sedes
659 3213 790 3302 provide
815 3216 1106 3281 commisisset...
1131 3215 1200 3281 Hec
1224 3216 1378 3282 sanctitati
1402 3234 1505 3282 vestre
1529 3238 1587 3302 pro

325 3315 414 3370 tanto
438 3302 615 3390 significare
634 3301 769 3383 decrevi,
794 3325 861 3368 non
884 3321 919 3368 ur
942 3303 1143 3390 propriorum
1167 3304 1354 3368 meritorum
1378 3302 1447 3370 luce
1464 3305 1589 3390 conspi-

326 3413 402 3457 cuus
430 3391 576 3477 precariis
604 3391 726 3457 iuvetur
754 3391 959 3470 testimoniis,
992 3401 1039 3456 set
1067 3402 1101 3456 ut
1129 3392 1253 3456 animus
1282 3390 1405 3457 domini
1432 3403 1521 3458 tanto
1550 3392 1590 3456 sit

326 3477 472 3564 quietior,
496 3500 560 3563 quo
584 3475 641 3542 sibi
664 3476 843 3543 famulantis
866 3477 1000 3543 intentio
1025 3476 1183 3543 sollertior
1206 3479 1373 3544 invenitur.
1408 3478 1478 3564 Ipse
1503 3479 1587 3543 enim

326 3586 399 3628 cum
423 3562 516 3627 Iacob
541 3582 609 3629 estu
633 3575 761 3648 urgetur
779 3576 810 3629 et
833 3563 916 3647 gelu,
941 3587 1012 3628 curn
1037 3563 1183 3649 apostolo
1208 3566 1238 3628 in
1256 3565 1380 3631 civitate
1404 3564 1539 3649 pericula
1559 3583 1589 3628 et

327 3650 360 3713 in
383 3646 552 3714 solitudine
569 3649 695 3736 pertulit
718 3651 750 3715 in
766 3648 922 3715 laboribus
946 3649 1085 3735 plurimis
1103 3672 1208 3714 curam
1227 3672 1325 3736 usque
1348 3649 1387 3714 ad
1404 3672 1501 3715 canos
1521 3672 1589 3736 per-

328 3734 425 3816 duxit,
449 3746 496 3801 set
520 3759 587 3802 non
610 3755 718 3822 gemet
741 3737 773 3802 in
797 3737 993 3816 novissimis,
1021 3737 1073 3824 qui
1097 3735 1219 3802 labores
1243 3758 1319 3801 suos
1343 3737 1373 3800 in
1399 3735 1498 3802 domo
1522 3758 1589 3802 non

328 3821 524 3888 collacaverit
545 3823 653 3888 aliena.
690 3822 733 3903 O,
757 3825 783 3888 si
798 3823 990 3907 gubernator
1006 3823 1099 3889 arche
1116 3823 1324 3888 ecclesiastice
1348 3846 1403 3909 per
1419 3822 1588 3890 fenestram

326 3908 529 3995 providencie
546 3908 725 3976 columbam
741 3908 940 3996 fluctivagam
965 3908 1142 3976 introducat
1159 3923 1189 3976 et
1213 3911 1244 3974 in
1269 3921 1333 3975 tem
1358 3910 1389 3975 lo
1406 3910 1477 3989 Dei,
1524 3909 1587 3975 uod

328 4019 449 4062 merces
473 4011 520 4064 est
544 3995 679 4085 propria,
704 3994 776 4063 fidei
800 4008 912 4063 statuat
929 3996 1142 4084 columpnam,
1168 4020 1263 4062 nece
1287 3933 1423 4064 rediatur
1442 3933 1587 4084 amplius!

327 4083 388 4150 Vel
412 4098 495 4151 certe
518 4087 544 4152 si
567 4085 676 4173 aliquis
699 4083 888 4172 tepefactum
906 4085 979 4150 cleri
1004 4097 1034 4151 et
1056 4083 1165 4171 populi
1189 4086 1220 4149 in
1236 4019 1422 4151 alemannia
1438 4085 1588 4152 suscitare

327 4169 452 4237 debebit
475 4172 622 4240 affectum
638 4183 767 4260 propter
789 4171 1001 4239 turbationem
1025 4195 1091 4238 non
1113 4173 1320 4258 incognitam,
1345 4170 1445 4238 dictus
1461 4171 1589 4260 Tlr(eo-

327 4256 467 4347 dericus)
498 4259 672 4328 multorum
704 4258 820 4326 iudicio
854 4259 959 4326 utilior
991 4258 1158 4326 videretur.
1209 4260 1279 4346 lpse
1308 4261 1392 4325 enim
1427 4261 1531 4326 noscit
1559 4271 1590 4326 et

328 4348 479 4428 noscitur,
504 4347 603 4435 diligit
626 4359 657 4413 et
681 4345 818 4434 diligitur
842 4359 872 4414 et
896 4350 927 4414 in
952 4349 1081 4428 cunctis,
1106 4347 1143 4413 ad
1168 4369 1229 4435 que
1251 4348 1402 4428 mittetur,
1426 4346 1590 4434 prospera-

327 4433 408 4501 bitur
432 4433 565 4502 domino
590 4433 798 4502 concedente.
845 4436 963 4502 Datum
988 4447 1046 4502 etc.

433 4610 488 4664 Fol.
510 4625 560 4678 170
586 4609 638 4661 und
659 4625 721 4680 199,
745 4610 874 4664 zweimal.
911 4610 1007 4662 Martin
1029 4610 1074 4663 lV.
1101 4617 1227 4662 ernannte
1247 4609 1367 4662 Dietriclr
1391 4609 1427 4662 im
1446 4608 1497 4679 Juli
1524 4609 1588 4662 1282

327 4715 387 4750 zum
407 4696 545 4750 Kollelrtor
563 4697 589 4749 in
608 4696 655 4750 der
673 4697 779 4750 Trierer
797 4697 850 4750 und
869 4697 985 4750 Mainzer
1003 4697 1127 4762 Provinz,
1155 4697 1258 4750 schrieb
1276 4696 1332 4748 ilnn
1351 4697 1388 4748 im
1406 4697 1503 4766 Januar
1524 4696 1586 4763 1283

328 4784 392 4838 uber
410 4785 452 4837 die
471 4783 730 4838 verleumderischen
749 4783 892 4849 Gerircbte,
911 4784 1016 4837 welche
1035 4783 1173 4853 bezugliclr
1193 4784 1239 4836 der
1258 4782 1448 4838 verwendeten
1461 4784 1589 4836 Summen

328 4871 354 4922 in
364 4870 546 4924 Deutscldand
559 4869 685 4923 amliefen
699 4870 752 4922 und
765 4871 890 4939 tibertrng
903 4871 958 4922 ilnn
972 4871 1008 4922 im
1022 4870 1177 4924 November
1189 4871 1255 4934 1284
1265 4869 1333 4921 auclr
1346 4869 1387 4920 die
1398 4869 1589 4938 Sarnrnlungen
