3822 5592
322 576 380 640 162
900 589 993 645 Briel'e.
1461 592 1483 662 J.
1507 605 1579 662 1294.

317 771 376 815 nec
399 749 487 828 sexui
510 771 569 814 nec
593 747 737 833 religioni
761 746 901 814 deferre?
943 749 1065 814 Siccine
1089 750 1175 834 quasi
1200 748 1299 814 niodo
1323 751 1422 834 geniti
1446 748 1580 815 intantes

318 847 349 902 et
371 833 563 901 miserabiles
594 856 731 921 persone
755 835 953 922 exponimur.
1001 835 1122 902 Votum
1147 846 1177 902 et
1207 833 1424 902 iusiurandum
1447 838 1581 922 prevari-

317 923 379 988 cari
395 920 624 1007 compellimur.
657 921 729 988 Iure
745 923 832 1009 quasi
856 932 927 988 a'e‘re
944 922 1109 988 communi
1131 919 1190 986 frui
1208 945 1275 988 non
1298 924 1440 988 sinimur.
1475 922 1580 988 Liber-

316 1021 379 1090 tas,
412 1007 537 1094 spiritus
569 1006 725 1074 allinitur.
784 1007 975 1074 Obedientia
1006 1006 1127 1073 inundo
1158 1007 1343 1074 venerabilis
1376 1009 1580 1095 depreciatur.

316 1094 354 1158 Et
377 1093 464 1181 quod
487 1093 645 1158 malorum
669 1116 794 1158 summa
817 1107 879 1175 est,
904 1095 1001 1160 virtus
1025 1093 1062 1158 ab
1087 1093 1160 1173 hiis,
1193 1096 1261 1180 qui,
1292 1117 1353 1181 qne
1377 1118 1430 1160 sua
1455 1107 1527 1160 sunt
1551 1108 1581 1161 et

317 1202 383 1246 non
407 1202 468 1267 que
484 1179 577 1246 Ilresu
594 1179 723 1256 Christi,
747 1181 913 1267 queritant,
937 1179 1116 1246 suffocatur.
1156 1180 1361 1268 Quapropter
1376 1193 1473 1247 testes
1488 1203 1581 1267 super

317 1288 377 1331 nos
401 1265 503 1332 celum
529 1286 559 1332 er
583 1277 714 1347 terram,
738 1265 826 1353 quod
848 1268 962 1332 iniuste
985 1265 1161 1352 perdimur,
1190 1269 1385 1333 invocamus.
1434 1266 1520 1346 Quid
1549 1269 1580 1332 in

317 1354 433 1420 nostris
463 1351 581 1420 actibus
610 1354 781 1434 invenitur,
812 1352 898 1442 quod
930 1355 960 1419 in
989 1351 1143 1440 prioribus
1172 1353 1284 1420 seculis
1316 1356 1405 1420 omni
1435 1354 1580 1440 religioni

317 1463 383 1506 non
407 1438 464 1506 fnit
481 1438 656 1507 indultum?
691 1440 831 1506 Persone
849 1439 1056 1507 ecclesiastice
1074 1441 1166 1506 etiam
1192 1464 1257 1506 non
1283 1443 1433 1528 requisito
1452 1443 1580 1528 proprio

316 1528 454 1594 antistite
478 1526 515 1594 ad
539 1527 728 1613 religionem
746 1527 856 1593 crebro
880 1529 1009 1594 transire
1026 1540 1209 1594 noscuntur.
1250 1527 1407 1594 Canonici
1423 1527 1581 1614 regulares

316 1637 384 1681 non
407 1613 552 1682 obstante
569 1613 819 1681 contradictione
842 1614 988 1704 qualibet,
1012 1638 1116 1681 scema
1140 1617 1262 1702 rapiunt
1286 1615 1520 1682 monachorum
1541 1613 1579 1682 de

317 1703 433 1768 minori
457 1701 496 1770 ad
519 1703 690 1785 maiorem;
722 1701 760 1769 de
784 1703 900 1770 laxiore
932 1703 969 1770 ad
993 1703 1158 1784 artiorem,
1187 1705 1283 1791 petita
1307 1716 1337 1770 et
1360 1726 1427 1770 non
1452 1702 1582 1770 obtenta

315 1790 449 1872 licentia,
473 1813 566 1880 quam
591 1789 716 1878 plurimi
739 1791 961 1877 migraverunt.
995 1790 1040 1856 Ex
1063 1789 1257 1878 indulgentia
1280 1791 1355 1858 iuris
1380 1815 1440 1858 una
1464 1791 1580 1858 domus

316 1877 462 1966 religiosa
489 1890 595 1965 potest
624 1901 658 1944 se
682 1877 769 1944 alteri
792 1876 933 1945 subicere
962 1878 1000 1945 de
1029 1900 1186 1945 consensu
1216 1879 1386 1965 superioris
1417 1891 1449 1946 et
1477 1878 1580 1945 eidem

316 1967 407 2033 uniri.
462 1965 618 2032 Personas
649 1977 753 2033 autent
786 1989 856 2032 suas
888 1978 1021 2054 possunt
1053 1964 1185 2032 alioruin
1223 1967 1399 2033 auctoritati
1428 1964 1579 2046 subicere,

317 2052 529 2141 superioribus
553 2053 750 2140 irrequisitis:
780 2053 871 2119 Extra
896 2052 934 2121 de
958 2054 1033 2134 hiis,
1064 2077 1125 2142 qne
1148 2055 1178 2120 vi
1209 2072 1352 2120 metusve
1376 2077 1468 2121 cansa
1490 2052 1579 2120 fiunt.

318 2140 402 2207 Cum
426 2138 556 2206 dilectus
580 2143 655 2206 etc.¹
696 2139 851 2222 Obicitur,
876 2140 961 2228 quod
978 2140 1006 2206 le
1018 2158 1097 2206 ratus
1122 2163 1187 2206 nou
1204 2143 1342 2228 potuerit
1364 2139 1476 2222 facere,
1501 2162 1578 2226 ergo

318 2249 383 2292 non
408 2227 510 2313 potuit
532 2226 677 2314 supplere
701 2226 924 2312 negligentiam
951 2164 1153 2314 prelatorum,
1177 2230 1309 2328 quinos
1332 2250 1388 2314 per
1410 2240 1459 2293 tot
1481 2248 1580 2292 anno·

318 2337 389 2380 rum
414 2313 564 2379 curricula
591 2311 782 2400 reliquerunt
815 2314 930 2402 absque
959 2325 1120 2400 pastorum
1152 2313 1355 2400 spiritualium
1385 2313 1580 2400 providentia

318 2403 349 2466 in
378 2422 494 2467 errore.
541 2400 662 2487 legato
693 2423 760 2467 iton
789 2401 888 2480 licuit,
922 2424 999 2486 ergo
1028 2401 1235 2468 secumlarum
1266 2399 1388 2467 sellium
1417 2399 1581 2467 ordinariis

317 2489 423 2555 minor
446 2487 517 2554 luit!
553 2488 674 2574 Legato
694 2511 760 2554 non
785 2487 879 2571 licuit,
904 2512 982 2575 ergo
999 2491 1137 2555 vacantia
1163 2487 1265 2555 ollicia
1283 2502 1312 2556 et
1337 2486 1489 2554 beneficia
1506 2511 1582 2554 con-

317 2575 397 2643 ferre
422 2599 489 2642 non
513 2575 628 2642 debuit.
676 2575 796 2662 Legato
820 2599 886 2643 non
911 2576 1006 2658 licuit,
1030 2599 1107 2663 ergo
1133 2577 1246 2643 missus
1270 2600 1336 2642 non
1361 2575 1433 2657 fuit,
1461 2588 1495 2642 ut
1519 2573 1582 2642 edi-

317 2663 435 2746 ficaret,
460 2663 644 2745 destrueret,
669 2661 838 2732 eradicaret
855 2677 885 2732 et
902 2664 1063 2752 plantaret,
1088 2666 1175 2731 cuius
1192 2665 1384 2730 eontrarium
1409 2662 1582 2750 apostolice

317 2751 418 2820 littere
447 2751 526 2818 lecte
558 2752 588 2817 in
614 2753 734 2818 cunctis
758 2751 896 2819 ecclesiis
920 2751 1121 2819 testabantur.
1170 2753 1416 2819 Restitutionem
1441 2774 1519 2837 ergo
1551 2751 1580 2816 in

318 2841 474 2924 integrunt
504 2839 699 2924 postulantes
723 2839 928 2924 appellamus,
954 2863 1165 2924 provocaturus
1189 2853 1218 2904 et
1244 2841 1336 2904 etiarn
1362 2839 1582 2924 supplicamns,

318 2926 342 2989 si
366 2937 474 2990 tannen
498 2923 706 3011 appellatione
731 2948 810 3010 opus
835 2938 896 3006 est,
928 2948 967 2990 eo
992 2924 1077 3011 quod
1109 2925 1199 3010 legali
1224 2924 1421 3010 providentia
1446 2922 1580 3010 quedam

317 3013 386 3076 sine
409 3011 617 3098 appellatione
634 3012 789 3077 sententie
807 3011 1035 3092 rescinduntur,
1061 3023 1091 3076 et
1111 3013 1193 3076 iuxta
1210 3013 1377 3076 canonicas
1401 3011 1581 3076 sanctiones

318 3100 491 3180 sententia,
516 3121 576 3186 que
601 3097 827 3164 intolerabilem
853 3121 992 3164 errorem
1018 3100 1175 3179 continet,
1205 3096 1317 3164 nullius
1343 3117 1389 3164 esr
1413 3098 1580 3164 momenti.

318 3187 434 3252 Actum
466 3184 689 3272 Ni'iwenburg,
723 3209 807 3252 armo
841 3185 964 3252 domini
986 3184 1293 3266 M⁰.CC⁰.XClIll⁰.,
1333 3184 1519 3251 tresentibus
1551 3196 1581 3250 et

318 3273 418 3360 sigilla
440 3296 495 3340 sua
525 3296 562 3359 ap
587 3272 755 3339 orientibus
785 3272 965 3340 reverendis
994 3272 1131 3359 patribus
1160 3272 1302 3339 fratribus
1325 3209 1445 3340 liorico
1476 3274 1581 3359 priore

319 3360 467 3447 Spirensi,
490 3296 714 3448 Herdmanrro)
732 3360 771 3430 de
786 3359 906 3441 Minda,
924 3360 1105 3426 Wernhero
1129 3361 1292 3447 suppriore
1310 3379 1340 3426 et
1356 3357 1581 3446 Her(manno)

319 3447 437 3514 lectore
462 3447 701 3528 Worrnatiensi,
726 3445 845 3514 ordinis
867 3447 995 3514 fratrum
1021 3446 1267 3512 Predicatorrnn.

424 3603 584 3657 ¹Decretal.
605 3603 686 3673 Greg.
707 3604 751 3657 IX.
772 3604 853 3658 libi.
873 3606 910 3658 tit.
931 3619 972 3668 4ο.
993 3622 1014 3656 c.
1035 3602 1058 3656 6.

425 3725 576 3796 Fol.191='.
609 3726 659 3778 Die
674 3717 861 3796 Ubertragung
880 3744 912 3778 au
933 3727 983 3778 den
997 3725 1272 3778 Dominilmnerorden
1291 3725 1363 3778 lratte
1384 3724 1583 3794 stattgelunden

320 3831 362 3866 arn
379 3830 400 3866 1.
412 3814 464 3866 Mai
477 3815 551 3883 1287.
571 3813 706 3866 Hermann
720 3830 773 3867 von
784 3812 891 3866 Mindcn
905 3815 1044 3884 getvthrte
1057 3813 1108 3865 den
1120 3812 1290 3866 Schwestern
1304 3813 1342 3865 bis
1358 3831 1389 3864 zu
1402 3813 1489 3866 einern
1504 3812 1583 3883 Jalne

319 3900 394 3967 Frist,
415 3919 458 3954 um
478 3902 535 3954 siclt
548 3919 581 3954 an
600 3902 641 3954 die
661 3917 747 3954 neuen
761 3901 943 3954 Verbiiltnisse
963 3921 993 3954 au
1009 3902 1176 3971 getvblmeu:
1197 3901 1330 3962 Quamvis
1350 3917 1398 3953 vos
1419 3902 1489 3954 iuxta
1508 3917 1581 3953 nran-

320 3987 410 4042 datum
423 3988 579 4042 venerabilis
592 3988 692 4041 <londini
706 3989 830 4042 lobannis
843 3988 987 4042 Tusculani
1003 3989 1129 4060 episcopi,
1150 3987 1296 4058 apostolice
1311 3987 1380 4041 sedis
1394 3987 1483 4058 legati,
1503 4003 1581 4058 regn-

319 4076 372 4129 lam
392 4077 460 4129 beati
474 4077 615 4146 Augustini
635 4086 660 4129 et
680 4077 887 4130 constituciones
908 4093 1030 4130 sororum
1050 4077 1133 4129 sancti
1152 4076 1226 4146 Syxti
1246 4076 1278 4128 de
1293 4076 1365 4128 Urbe
1384 4075 1582 4146 acceptaveritis

319 4163 496 4229 observanda,
517 4163 592 4216 vobis
612 4165 745 4216 tamenin
765 4165 830 4230 hoc,
856 4180 889 4216 ne
909 4165 1057 4234 precipitari
1077 4163 1230 4230 videamini,
1250 4164 1310 4216 duxi
1329 4161 1474 4216 consultius
1494 4163 1581 4233 provi-

319 4250 447 4316 dendum,
472 4250 608 4316 ordinans,
632 4250 789 4321 dispensans
811 4253 907 4322 pariter
926 4261 951 4304 et
976 4251 1140 4316 concedens,
1165 4251 1247 4321 quod,
1273 4266 1355 4320 usque
1378 4249 1441 4304 dum
1464 4250 1583 4302 habitum

320 4339 507 4409 premissarurn
532 4356 655 4392 sororum
674 4340 881 4409 assumpseritis,
907 4356 993 4410 neque
1017 4337 1049 4392 ad
1068 4337 1188 4408 regulam
1214 4355 1300 4408 neque
1319 4337 1351 4390 ad
1375 4337 1583 4390 constituciones

319 4427 461 4498 premissas
479 4427 535 4480 sitis
554 4427 699 4498 aliqualiter
711 4427 837 4497 obligate,
857 4436 896 4480 set
916 4427 963 4480 sub
977 4426 1131 4479 obediencia
1145 4434 1231 4478 vestre
1251 4425 1381 4478 abbatisse
1394 4441 1455 4478 cum
1469 4425 1583 4494 pristinis

319 4515 482 4587 regularibus
501 4515 679 4568 observanciis
700 4516 766 4568 sicut
785 4515 912 4568 hactenus
931 4515 1060 4568 nraneatis
1074 4557 1080 4568 .
1095 4557 1099 4567 .
1115 4556 1120 4568 .
1135 4513 1171 4566 So
1190 4514 1216 4566 in
1236 4515 1309 4566 einer
1328 4513 1378 4566 HS.
1398 4511 1445 4566 des
1461 4512 1582 4566 Domini-

320 4603 507 4668 lranerordens,
521 4603 563 4655 die
576 4602 619 4656 ich
633 4620 682 4656 vor
695 4604 801 4672 einigen
810 4603 907 4673 Jabren
921 4603 1002 4656 durch
1016 4604 1057 4655 die
1068 4602 1138 4656 Gitte
1152 4601 1198 4655 des
1208 4601 1428 4654 Unterarclrivars
1438 4600 1467 4654 P.
1479 4599 1583 4654 Denille

321 4691 346 4743 irr
360 4690 431 4742 Rom
445 4689 485 4742 fiir
498 4689 575 4742 lturze
589 4690 644 4742 Zeit
657 4689 784 4742 einsehen
797 4690 904 4758 lronnte,
924 4690 969 4743 foi.
986 4705 1042 4758 173.
1069 4690 1104 4741 Es
1117 4688 1187 4742 steht
1200 4687 1257 4741 hier
1270 4687 1412 4756 allerdings
1425 4684 1584 4756 Nirrenberg

321 4778 422 4832 eberiso
442 4776 487 4831 fol.
505 4793 561 4844 171,
575 4775 622 4829 auf
632 4777 678 4830 der
692 4775 837 4846 folgenden
850 4777 922 4830 Seite
940 4778 1002 4830 aber
1017 4776 1062 4829 das
1076 4776 1206 4845 llichtige.
1221 4805 1252 4813 —
1268 4774 1334 4827 Eine
1347 4772 1445 4827 andere
1457 4771 1583 4843 Appella-

320 4865 376 4918 tion
390 4864 454 4937 geln
468 4865 493 4916 in
508 4881 616 4917 unserer
629 4864 679 4916 llS.
694 4865 777 4916 sciron
792 4864 895 4929 vorin-r,
917 4863 959 4917 t'ol.
976 4879 1032 4934 191,
1052 4864 1137 4916 worin
1151 4879 1179 4916 es
1199 4879 1242 4914 ant
1256 4859 1359 4914 Schluss
1372 4859 1463 4914 heisst:
1484 4858 1584 4912 Contra
